2003 3037
82 609 139 634 Quid
150 608 172 629 iu

75 640 174 668 parvulo.

85 675 105 693 et
121 671 173 698 quid

75 705 98 725 in
108 703 183 724 adulto

85 735 112 756 ad
123 734 174 761 hap-

85 767 175 786 nemum

77 798 176 824 require<

193 215 252 246 320

193 279 440 320 regenerantem
455 278 567 308 contra
580 276 794 317 privationem
809 275 886 307 vitae
901 283 973 314 gra-

193 335 300 372 tuitae3
325 331 464 373 gratiam
488 330 715 362 rectificantem
739 329 773 360 in
795 328 972 369 septiformi

193 387 328 425 virtute,
346 386 457 417 contra
470 383 684 425 privationem
707 382 836 416 virtutis
855 381 974 413 habili-

194 440 320 479 tativae;
333 439 470 480 gratiam
483 437 707 478 purificantem
718 437 758 468 ab
767 436 856 467 omni
868 435 973 476 culpa,

195 496 305 526 contra
328 493 521 535 pronitatem
545 492 584 523 ad
606 500 736 523 omnem
759 490 974 522 deordinatio-

195 557 270 579 nem
285 548 447 579 vitiosam.
578 583 580 585 ¹

237 601 276 633 Et
296 601 449 642 quoniam
472 600 630 640 originale
652 600 815 640 peccatum
836 598 976 629 trahitur

197 655 324 686 aliunde
333 677 343 693 ,
357 657 389 686 et
402 654 577 695 parvulum
591 653 665 684 facit
683 652 974 693 concupiscibilem,

197 710 229 740 et
243 708 389 740 adultum
404 710 475 739 actu
491 707 786 747 concupiscentem,
801 704 978 737 necessaria

198 764 245 794 est
263 762 370 794 adulto
384 761 463 793 fides
478 761 618 802 propria,
641 762 672 791 ct
687 759 873 800 poenitentia
889 770 897 790 :
923 758 977 790 sed

199 816 335 856 parvulo
361 815 478 847 sufficit
498 815 616 851 aliena,
641 822 714 854 quae
738 813 856 844 scilicet
877 815 923 843 est
944 812 977 843 in

199 869 373 901 universali
410 869 557 901 Ecclesia.
589 868 669 905 Quia
698 876 774 898 vero
802 866 980 906 baptismus

198 923 291 954 debet
305 932 418 955 eruere
436 933 455 954 a
469 923 622 954 servitute
635 921 752 953 diaboli
764 945 774 960 ‚
791 923 821 952 et
835 921 873 952 de
890 922 977 961 pote-

199 978 280 1008 state
301 977 454 1017 principis
477 976 698 1014 tenebrarum,
718 977 783 1006 tam
810 974 977 1015 parvulos,

200 1040 298 1070 quarn
314 1030 458 1069 adultos;
474 1030 550 1061 hinc
565 1031 623 1067 est,
641 1028 726 1070 quod
742 1029 872 1068 utrique
887 1036 981 1058 exor-

200 1085 292 1116 cizari
309 1085 424 1116 debent
436 1084 474 1115 ad
492 1084 713 1124 expulsionem
730 1083 890 1123 potestatis
904 1091 981 1113 con-

201 1139 319 1177 trariae,
336 1139 463 1179 utrique
477 1139 573 1169 etiam
589 1137 773 1168 catechizari
790 1148 796 1168 :
817 1136 929 1174 adulti,
946 1139 982 1167 ut

202 1193 335 1233 expulsa
363 1192 502 1232 caligine
533 1191 651 1222 erroris
664 1214 672 1227 ,
703 1191 917 1221 informentur
942 1190 982 1220 ad

203 1246 298 1277 fidem
314 1257 322 1284 ;
338 1245 464 1286 parvuli
481 1254 576 1283 vero,
592 1247 627 1276 ut
641 1244 742 1275 sciant
762 1243 889 1284 patrini,
906 1243 982 1283 quid

203 1309 257 1331 eos
280 1300 416 1331 debeant
440 1300 586 1335 edocere,
613 1308 653 1329 ne
679 1307 736 1338 pro
760 1298 903 1328 humano
928 1298 975 1327 de·

203 1354 286 1384 fectu
310 1353 504 1393 impediatur
529 1352 728 1392 baptismatis
749 1354 983 1382 sacramentum

203 1407 378 1448 quominus
393 1407 506 1437 haheat
524 1407 619 1437 tinem
639 1415 746 1437 snum.

446 1517 606 1550 CAPUT
640 1516 741 1550 Vltl.

772 205 1027 244 BREVILOQUH
1050 205 1154 239 PARS
1174 205 1214 239 Vl
1220 231 1227 237 .

1027 275 1176 314 apparuit
1189 274 1331 314 homini,
1351 275 1397 306 sic
1410 273 1574 307 neminer‘n
1584 278 1730 316 reparat,
1743 276 1805 308 nisi

1027 327 1134 367 ipsum
1155 329 1187 359 et
1205 328 1299 359 corde
1318 327 1476 360 credendo
1492 327 1666 369 concipiat,
1681 331 1714 360 et
1732 336 1806 360 ere-

1029 381 1133 423 ditum
1149 382 1291 413 exten’us
1307 381 1487 414 confitendo
1501 381 1668 423 depromat
1683 382 1808 414 contes-

1029 435 1117 466 sione
1131 435 1236 467 dehita
1252 446 1260 466 ε
1278 435 1459 476 cuiusmodi
1481 437 1530 467 est
1548 435 1702 467 confessio
1720 435 1809 468 veri-

1029 489 1117 528 dica,
1139 490 1275 521 veritate
1297 490 1406 530 plena,
1423 498 1498 530 quae
1521 498 1588 521 non
1609 490 1738 522 tantum
1759 490 1808 521 est

1030 543 1147 574 veritas
1168 543 1363 584 speculativa
1375 568 1383 583 ‚
1399 553 1515 575 verum
1538 543 1636 575 etiam
1658 543 1806 584 practica.

1031 595 1107 628 Haec
1122 599 1230 628 autem
1245 599 1294 628 est
1309 597 1341 628 in
1361 606 1425 637 qua
1438 606 1504 628 non
1518 598 1646 628 tantum
1661 599 1708 628 est
1723 596 1807 629 adae-

1031 650 1140 689 quatio
1162 649 1355 687 intellectus,
1377 650 1535 682 sermonis
1555 653 1587 681 et
1610 651 1674 689 rei,
1695 659 1808 682 verum

1032 703 1128 734 etiam
1152 703 1187 734 in
1213 713 1277 744 qua
1304 705 1392 735 totus
1412 704 1512 735 homo
1532 704 1661 735 veritati
1685 704 1809 736 consor·

1035 759 1141 788 matur
1174 757 1350 788 secundum
1379 748 1627 797 intelligentiam
1654 758 1787 789 rationis
1800 782 1810 796 ,

1034 809 1213 841 secundum
1234 808 1496 850 complacentiam
1509 811 1695 854 voluntatis,
1711 813 1743 842 et
1758 819 1812 842 se-

1035 865 1177 896 cundum
1205 865 1437 896 adhaerentiam
1466 865 1614 904 virtutis,
1639 867 1677 896 ut
1704 865 1745 896 sit
1771 874 1813 897 ex

1035 921 1100 950 toto
1121 918 1231 957 corde,
1253 920 1319 949 tota
1340 918 1463 956 anima,
1479 920 1510 949 et
1526 920 1591 949 tota
1607 920 1734 950 mente:
1751 919 1791 950 sit
1804 919 1814 936 ¹

1036 980 1078 1003 ατ
1090 971 1183 1004 corde
1197 979 1290 1011 puro,
1305 972 1503 1004 conscientia
1517 971 1607 1006 bona,
1625 974 1655 1004 el
1669 971 1735 1011 fide
1750 979 1814 1005 non

1036 1027 1114 1065 ficta
1129 1037 1140 1056 :
1157 1029 1188 1057 et
1212 1026 1281 1057 talis
1298 1029 1345 1057 est
1359 1026 1514 1057 consessio
1533 1026 1674 1066 integra,
1693 1026 1815 1066 placida

1036 1082 1068 1111 et
1084 1080 1241 1121 intrepida
1258 1091 1264 1110 :
1283 1083 1317 1110 nt
1333 1081 1371 1110 sit
1389 1080 1428 1120 (a)
1446 1080 1586 1120 integra,
1607 1080 1730 1111 ratione
1745 1080 1816 1120 eius

1037 1134 1075 1164 do
1090 1143 1154 1174 quo
1172 1136 1235 1171 est;
1254 1133 1390 1174 placida,
1407 1133 1529 1164 ratione
1544 1134 1615 1174 ejus
1629 1142 1736 1165 coram
1751 1142 1816 1174 quo

1039 1188 1091 1226 sit;
1109 1187 1279 1228 intrepida,
1296 1187 1419 1218 ratione
1433 1188 1503 1227 ejus
1522 1196 1540 1218 a
1556 1196 1620 1227 quo
1637 1188 1707 1219 fieri
1721 1187 1818 1218 habet

1038 1241 1092 1272 illa
1108 1241 1272 1272 consessio.
1298 1241 1454 1278 Quoniam
1477 1250 1557 1281 ergo
1578 1241 1617 1272 ad
1640 1241 1701 1272 hoc
1720 1241 1818 1273 homo

1039 1294 1252 1336 pusillanimis
1272 1303 1336 1325 non
1357 1296 1403 1324 est
1426 1294 1581 1332 idoneus,
1596 1294 1657 1325 nisi
1680 1303 1737 1335 per
1755 1304 1820 1326 ma-

1041 1359 1117 1379 nuni
1139 1357 1287 1389 supernae
1309 1348 1422 1387 gratiae
1442 1348 1670 1387 contirnietur;
1695 1349 1765 1380 ideo
1780 1349 1819 1380 ad

1042 1405 1099 1435 lior
1122 1406 1358 1434 sacramentum
1385 1403 1638 1434 confirmationis
1658 1403 1717 1434 fuit
1735 1403 1819 1435 divi-

1042 1459 1129 1488 nitus
1154 1458 1353 1494 institutum7
1383 1459 1533 1497 tanquam
1563 1457 1745 1488 immediate
1767 1466 1819 1488 se-

1042 1521 1145 1552 quens
1159 1512 1366 1551 baptismum.

1831 609 1921 632 Confes-

1824 641 1858 662 sio
1878 648 1930 664 vere

1824 671 1922 694 ehi-iulia-

1083 1565 1162 1603 Quia
1185 1575 1262 1595 vero
1286 1565 1361 1595 finis
1382 1565 1518 1604 imponit
1544 1565 1761 1596 necessitatem
1784 1564 1822 1595 iis
1865 1585 1921 1604 ιω,

1043 1628 1118 1659 quae
1133 1621 1207 1649 sunt
1223 1618 1261 1649 ad
1276 1619 1385 1657 tinem,
1403 1617 1473 1648 ideo
1485 1618 1642 1658 integrari
1656 1617 1748 1649 debet
1762 1617 1823 1649 hoc
1837 1616 1944 1667 {3²:3³2

1045 1675 1279 1704 sacramentum
1297 1672 1473 1703 secundum
1489 1672 1684 1711 exigentiam
1699 1671 1823 1703 confes-
1849 1677 1929 1698 ouum--

366 1600 403 1625 De
423 1599 578 1632 inteqritate
598 1597 828 1632 Confirmationis.

250 1678 292 1708 De
307 1679 506 1708 sacramento
525 1675 777 1708 confirmationis
798 1675 858 1705 hoc
873 1677 986 1705 tenon-

98 1693 176 1712 Forma

105 1729 176 1743 sacra·
1839 1708 1944 1729 metionis

107 1753 176 1774 monti

97 1785 178 1806 contir-

87 1815 196 1841 maziouie,

87 1850 108 1869 et
120 1849 191 1868 mnte-

210 1731 288 1762 dum
303 1733 360 1768 est,
378 1730 462 1771 qnod
477 1731 516 1761 ad
531 1730 632 1770 ipsius
647 1729 862 1768 iutegritatem
879 1728 988 1767 requi-

211 1785 293 1816 ritur
306 1785 407 1816 forma
424 1784 541 1815 vocalis
553 1807 560 1821 ,
577 1792 650 1823 quae
666 1783 842 1813 secundum
867 1790 986 1813 morem

213 1840 318 1879 magis
333 1848 538 1870 communem
560 1838 631 1869 haec.
646 1840 692 1868 est
709 1849 714 1868 :
741 1837 838 1877 Sz'qno
854 1841 882 1868 te
898 1837 988 1877 siquo

212 1894 333 1931 crucis,
364 1894 517 1932 confirmo
551 1896 581 1923 te
609 1892 780 1923 chrismate-
806 1891 923 1922 salutis
954 1891 989 1921 in

212 1948 339 1979 nomine
354 1947 463 1979 Patris
474 1970 482 1983 ,
499 1950 528 1978 et
544 1946 642 1983 Filii,
665 1950 693 1977 -ec
715 1946 857 1984 Spiritus
871 1944 987 1981 sancti,

212 2003 324 2032 Amen.
343 2000 527 2039 Requirilur
539 2000 635 2030 etiam
651 1999 802 2035 chrisma,
819 1998 903 2037 qnod
919 2006 990 2027 con-

215 2055 319 2086 ficitur
333 2064 373 2085 ex
389 2054 458 2085 oleo
473 2054 632 2084 olivarum
649 2054 681 2083 et
700 2052 858 2088 balsamo,
874 2050 912 2081 de
927 2060 991 2090 quo

214 2119 287 2140 cum
318 2119 376 2149 per
410 2118 527 2140 manus
556 2107 692 2148 episcopi
724 2106 854 2145 signum
890 2104 992 2135 crucis

213 2164 309 2194 fronti
328 2163 523 2202 imprimitur
544 2161 605 2193 sub
625 2160 774 2201 praedicta
795 2160 896 2189 forma
916 2167 991 2188 ver-

214 2217 329 2248 borum
341 2240 350 2254 ,
392 2214 643 2246 confirmationis
677 2213 851 2253 suscipitur
885 2220 991 2242 sacra-

216 2272 377 2308 mentum,
407 2278 463 2309 per
489 2268 573 2308 quod
601 2268 809 2297 confirmatur
836 2265 932 2295 horno
958 2267 993 2295 nt

217 2323 308 2362 pugil
323 2323 361 2353 ad
383 2331 499 2354 nomen
519 2321 633 2352 Christi
649 2320 799 2351 audacter
820 2321 850 2349 et
869 2318 993 2359 publice

217 2377 443 2408 confitendum.

260 2430 350 2461 Ratio
378 2433 485 2461 autem
511 2429 549 2460 ad
585 2426 828 2466 intelligentiam
860 2426 993 2465 praedic-

219 2486 325 2514 torum
350 2483 419 2513 haec
440 2485 487 2513 est
506 2493 512 2513 :
539 2482 615 2522 quia
636 2480 853 2520 reparativum
875 2479 992 2519 princi-

219 2538 310 2577 pium
324 2539 482 2574 nostrum,
494 2535 634 2567 Verbum
648 2534 765 2564 scilicet
779 2533 993 2571 incarnatum,

220 2591 301 2622 sicut
330 2590 521 2621 aeternaliter
545 2591 734 2628 conceptum
769 2589 816 2617 est
842 2587 873 2616 in
903 2588 995 2617 eorde

222 2645 341 2682 Patris,
357 2646 389 2675 et
406 2642 622 2682 temporaliter
644 2642 677 2671 in
697 2649 792 2671 carne
806 2640 996 2671 sensibiliter

254 2709 261 2724 ¹
278 2709 285 2732 1
305 2708 410 2739 Ti111.‚1,
426 2708 449 2732 5.

1044 1727 1142 1757 sionis
1164 1726 1343 1766 praedictae,
1367 1729 1397 1756 ot
1424 1735 1557 1756 suarum
1586 1725 1821 1762 eonditionum,

1047 1780 1143 1810 trium
1166 1779 1311 1811 videlicet
1336 1779 1574 1819 praedictarum.
1594 1779 1702 1810 Primo
1729 1787 1821 1819 ergo,

1046 1834 1197 1874 quoniam
1215 1833 1367 1864 confessio
1389 1833 1458 1864 haec
1473 1832 1562 1864 debet
1589 1842 1657 1863 esse
1675 1832 1822 1872 integra;

1047 1891 1075 1918 et
1092 1887 1260 1926 integritas
1280 1887 1485 1917 confessionis
1501 1895 1566 1917 uon
1590 1889 1651 1924 ost,
1678 1885 1739 1916 nisi
1754 1886 1826 1926 quis

1047 1941 1235 1971 confiteatur
1257 1940 1417 1970 Clu-ishun
1441 1948 1554 1970 verum
1577 1939 1741 1970 hominem
1768 1946 1826 1979 pro

1048 1995 1234 2026 homiuibus
1251 1994 1460 2031 crucifixum,
1478 1993 1692 2033 eumdemque
1711 2001 1826 2024 verum

1048 2048 1101 2079 Dei
1119 2048 1235 2079 Filium
1251 2048 1451 2078 incarnatum
1468 2047 1499 2077 in
1520 2046 1674 2078 Trinitate
1693 2046 1775 2078 Patri
1796 2050 1827 2077 et

1049 2102 1181 2143 Spiritui
1196 2105 1303 2133 sancto
1322 2110 1378 2141 per
1393 2101 1500 2131 omnia
1515 2100 1710 2140 coaequalem
1725 2111 1733 2130 ι
1751 2099 1827 2131 hinc

1049 2159 1107 2195 est,
1124 2155 1208 2196 quod
1225 2156 1258 2186 in
1275 2156 1377 2186 forma
1391 2154 1490 2185 vocali
1506 2163 1571 2185 non
1587 2156 1711 2185 tantum
1726 2154 1761 2184 fit
1775 2163 1828 2185 ex·

1050 2210 1170 2250 pressio
1204 2211 1293 2240 actus
1328 2208 1557 2245 confirmandi,
1591 2216 1705 2239 verum
1731 2207 1826 2238 etiam

1050 2265 1151 2305 ipsius
1172 2264 1258 2303 signi
1281 2263 1399 2296 crucis,
1423 2265 1453 2293 ot
1475 2262 1615 2293 nominis
1636 2261 1826 2292 beatissima!

1051 2318 1224 2349 Trinitatis.
1243 2317 1399 2357 Amplius,
1410 2317 1485 2356 quia
1494 2316 1647 2347 consessio
1656 2315 1747 2347 debet
1759 2324 1827 2345 esse

1051 2373 1164 2413 plaoita
1186 2371 1308 2402 ratione
1329 2371 1398 2410 ‹fjns
1420 2379 1527 2401 coram
1551 2378 1615 2409 quo
1637 2369 1687 2407 fit,
1703 2370 1734 2399 et
1758 2368 1826 2399 fieri

1052 2426 1146 2456 habet
1165 2434 1270 2456 corani
1288 2424 1350 2455 Deo
1364 2426 1394 2454 ct
1409 2423 1610 2459 hominibus3
1633 2424 1664 2452 et
1684 2421 1745 2452 Deo
1762 2430 1826 2452 non

1053 2481 1154 2520 potest
1167 2479 1299 2518 placere,
1310 2478 1370 2507 nisi
1383 2477 1463 2507 adsit
1473 2476 1582 2507 lumen
1596 2475 1827 2514 intelligentiae,

1052 2536 1081 2564 et
1097 2533 1181 2563 nitor
1196 2531 1411 2568 conscientiae;
1429 2539 1485 2560 nec
1501 2529 1670 2569 proximis,
1697 2529 1756 2559 nisi
1771 2529 1828 2559 ad-

1052 2587 1091 2617 sit
1108 2586 1186 2617 odor
1203 2586 1295 2616 bonae
1312 2585 1404 2616 faniae
1424 2587 1453 2614 et
1478 2584 1552 2615 vitae
1575 2583 1717 2614 honestae
1733 2591 1740 2613 :
1757 2582 1828 2612 ideo

1053 2640 1091 2671 ad
1107 2640 1224 2671 horum
1240 2638 1505 2678 designationem,
1523 2638 1555 2668 in
1572 2637 1729 2668 elemento
1744 2638 1828 2667 exte—

1086 2703 1119 2733 (ιι)
1134 2702 1194 2727 Coet.
1210 2701 1268 2726 edit.
1284 2700 1341 2724 add.
1355 2708 1395 2725 ex.
