2003 3037
119 747 194 769 Virtu-

87 779 142 805 tum,
153 779 194 799 du-

95 814 185 834 uorum,

87 841 108 860 et
128 839 195 860 heati-

87 871 189 892 tudinum

87 902 193 923 officium.

116 1229 195 1249 Neces-

89 1258 142 1279 sitas
151 1259 194 1279 vir-

87 1291 160 1310 tutum
171 1290 193 1311 in

87 1321 193 1342 reforma-

87 1352 147 1374 tione
157 1353 195 1373 ho-

88 1384 162 1405 minis.

710 235 760 268 DE
782 232 934 266 GRATIA
955 229 1136 265 SPIRITUS
1158 228 1313 262 SANCTI.

207 307 391 345 vivificanS,
406 305 576 337 ramificari
594 306 702 336 tamen
724 301 902 333 necessario
924 300 982 332 ha-

208 361 307 393 hetin
321 360 427 392 varios
442 359 572 391 habitus
593 357 722 399 propter
740 355 847 388 varias
870 363 981 396 opera-

208 415 319 447 tiones.
337 415 375 445 Et
388 413 541 455 quoniam
555 410 705 450 quaedam
717 410 792 440 sunt
806 417 903 449 opera
918 415 985 438 mo-

208 467 287 500 ralia
298 467 449 509 primaria
459 490 469 506 ,
482 466 564 497 sicut
582 464 729 502 credere3
745 463 894 504 quaedam
916 470 985 492 me-

208 523 275 562 dia,
289 522 370 554 sicut
384 520 562 560 intelligere
577 518 717 556 credita;
736 517 885 558 quaedam
909 524 985 546 vero

207 578 368 618 postrema
379 599 387 615 ‚
404 575 485 606 sicut
499 573 606 606 videre
619 572 797 610 intellecta3
817 572 849 602 et
871 570 905 600 in
922 569 986 610 pri-

209 632 269 662 mis
283 630 391 662 anima
404 629 598 660 rectificatur
609 652 617 667 ,
633 627 668 658 in
689 625 836 658 secundis
856 623 986 665 expedi-

209 686 281 722 tur,
300 683 334 714 in
356 682 457 714 tertiis
479 681 663 722 perficitur:
682 680 753 712 ideo
780 679 885 719 gratia
910 687 985 718 gra-

211 740 279 770 tum
289 737 407 769 faciens
420 737 616 769 ramificatur
626 736 660 767 in
673 735 803 767 habitus
815 734 985 771 virtutum,

209 801 349 834 quorum
371 794 418 823 est
432 791 574 823 animam
595 789 790 827 rectificare3
808 788 841 818 in
858 787 988 819 habitus

209 846 368 878 donorum
383 870 393 884 ,
416 854 555 886 quorum
581 846 628 875 est
649 843 791 874 animani
815 841 964 882 expedire
977 851 984 878 ;

210 901 240 930 et
255 900 289 930 in
303 899 432 930 habitus
449 897 695 936 beatitudinum,
708 905 848 936 quorum
860 897 907 926 est
917 894 988 925 ani-

210 962 298 984 mam
312 953 472 993 perficere.

251 1007 391 1046 Rursus,
415 1005 570 1047 quoniam
594 1003 749 1035 rectitudo
774 1002 891 1033 animae
914 1011 987 1042 per-

209 1061 290 1092 fecta
303 1059 453 1100 requirit,
470 1058 555 1099 quod
575 1058 645 1098 ipsa
663 1056 856 1088 rectiflcetur
871 1064 986 1086 secun-

209 1114 288 1145 dum
302 1113 461 1154 duplicem
481 1112 608 1157 faciem,
625 1111 743 1142 scilicet
765 1110 963 1150 superiorem
978 1132 985 1147 ,

209 1169 240 1198 et
254 1167 451 1205 inferiorem,
469 1168 500 1197 et
515 1167 660 1206 respectu
683 1164 774 1202 finis,
796 1166 826 1194 et
841 1165 987 1204 respectu

209 1230 320 1252 corum
335 1229 407 1261 quae
427 1221 503 1251 sunt
526 1219 566 1250 ad
581 1219 694 1256 finem3
712 1218 783 1249 ideo
798 1226 925 1248 necesse
941 1219 988 1247 est

209 1274 350 1305 animam
362 1298 370 1313 ,
388 1274 546 1314 quantum
566 1272 605 1303 ad
630 1271 829 1311 superiorem
851 1270 983 1307 faciem,

210 1328 242 1359 in
265 1338 328 1368 qua
352 1327 494 1359 consistit
516 1327 626 1366 imago
648 1325 811 1356 Trinitatis
834 1326 963 1355 aeternae
977 1349 984 1363 ,

209 1382 375 1413 rectificari
393 1390 450 1422 per
470 1382 533 1412 tres
554 1379 751 1419 theologicas
772 1379 908 1410 virtutes
925 1387 932 1408 :
953 1380 988 1408 nt

209 1437 291 1468 sicut
311 1437 419 1476 imago
435 1435 603 1467 creationis
626 1434 768 1466 consistit
790 1434 824 1464 in
845 1433 987 1464 trinitate

192 1490 424 1530 ,potentiarum
438 1499 512 1521 cum
527 1489 650 1520 unitate
665 1488 810 1519 essentiae
824 1512 830 1526 ,
847 1487 891 1518 sic
908 1486 987 1517 ima-

109 2509 197 2529 „iustitia

91 2542 136 2556 nou
165 2542 198 2556 so-

91 2563 137 2583 lum
148 2568 197 2582 car-

100 2593 189 2619 dinatis,

92 2623 129 2644 sed
135 2630 199 2650 gene·

92 2651 144 2671 ralis
152 2651 198 2672 vir-

92 2678 136 2699 tus.

210 1553 253 1583 go
270 1543 473 1575 recreationis
488 1543 636 1574 consistat
653 1542 692 1583 (α)
715 1542 749 1572 in
771 1541 913 1572 trinitate
934 1540 987 1570 ha-

208 1597 335 1628 bituum
346 1607 421 1628 cum
437 1597 559 1628 unitate
575 1596 701 1636 gratiae,
713 1604 769 1636 per
783 1604 862 1635 quos
879 1594 987 1624 anima

207 1651 308 1682 fertur
322 1651 453 1682 recte-in
476 1659 637 1682 summam
658 1649 847 1680 Trinitatem
871 1656 985 1678 secun-

207 1704 285 1736 dum
315 1704 377 1735 tria
399 1704 602 1744 appropriata
620 1703 722 1734 tribus
742 1701 886 1742 personis
914 1712 920 1732 ι
943 1701 987 1731 ita

208 1759 294 1799 quod
308 1759 387 1790 fides
401 1758 511 1797 dirigit
526 1758 559 1788 in
573 1766 700 1789 summe
716 1766 843 1795 verum,
855 1756 986 1787 creden-

208 1812 248 1844 do
262 1814 293 1843 et
307 1811 528 1851 assentiendo,
544 1820 614 1852 spes
629 1811 663 1841 in
685 1819 813 1842 summe
827 1809 964 1840 arduum
976 1834 984 1849 ⁷

208 1866 361 1897 imitando
377 1867 408 1897 et
419 1865 636 1906 expectando;
653 1864 792 1895 charitas
809 1864 843 1894 in
861 1872 986 1894 summe

208 1920 347 1958 bonum,
367 1919 575 1950 desiderando
600 1920 632 1949 et
655 1918 829 1957 diligendo.
854 1916 987 1948 Necesse

208 1974 254 2004 est
270 1973 382 2011 etiam,
399 1974 556 2013 quantum
577 1972 618 2003 ad
643 1972 827 2002 inferiorem
851 1971 964 2002 faciem
975 1995 985 2009 ‚

208 2027 349 2057 animam
373 2026 540 2067 rectificari
566 2035 622 2066 per
646 2027 784 2066 quatuor
810 2024 988 2055 cardinales

208 2081 342 2112 virtutes
361 2091 368 2112 z
385 2090 461 2111 nam
482 2080 652 2120 prudentia
672 2079 824 2110 rectificat
845 2078 984 2109 rationa-

208 2134 291 2171 lem;
315 2123 465 2164 fortitudo
482 2157 489 2170 ,
512 2133 704 2164 irascibilem
720 2142 728 2170 ;
752 2132 963 2172 temperantia
977 2155 984 2169 ,

210 2187 486 2227 concupiscibilem
499 2198 506 2224 3
518 2186 641 2226 justitia
653 2195 730 2217 vero
750 2186 902 2216 rectificat
915 2194 987 2215 om-

209 2251 266 2272 nes
275 2241 333 2272 has
344 2241 430 2273 vires
449 2240 483 2270 in
493 2239 729 2279 comparatione
740 2239 778 2269 ad
789 2239 937 2269 alterum.
950 2237 989 2268 Et

210 2295 379 2336 quiaillud
403 2294 539 2325 alterum
563 2293 772 2324 determinate
793 2293 896 2331 potest
920 2300 988 2322 esse

210 2349 396 2390 proximus,
414 2349 517 2388 potest
536 2347 632 2378 etiam
646 2346 731 2377 idem
745 2346 843 2376 homo
858 2354 986 2384 compa-

210 2404 275 2434 rari
288 2403 327 2434 ad
340 2403 493 2442 seipsum,
504 2403 540 2432 ut
551 2401 590 2432 ad
603 2400 742 2431 alterum
755 2411 762 2437 ;
780 2401 881 2439 potest
893 2399 988 2429 ctiam

211 2466 279 2487 esse
294 2457 360 2497 ipse
384 2456 466 2486 Deus
481 2466 488 2484 ε
506 2455 582 2485 hinc
604 2456 666 2492 est,
683 2453 767 2493 quod
787 2452 911 2491 justitia
926 2452 986 2482 cir-

212 2510 334 2540 cumire
355 2510 470 2540 dicitur
492 2517 604 2539 omnes
626 2508 721 2539 vires.
750 2506 868 2536 Dicitur
892 2506 989 2536 etiam

212 2572 277 2594 non
291 2565 417 2594 tantum
431 2563 534 2593 virtus
549 2560 718 2592 cardinalis
729 2583 738 2596 ,
753 2568 869 2591 verum
892 2559 988 2589 etiam

213 2617 371 2657 generalis
379 2641 387 2655 ,
401 2615 674 2656 comprehendens
684 2613 783 2643 totins
795 2612 911 2643 animae
923 2621 988 2643 rec-

213 2670 399 2708 titudinem,
417 2679 490 2701 cum
514 2669 583 2709 ipsa
606 2668 728 2699 dicatur
750 2665 905 2697 rectitudo
929 2674 987 2696 vo-

245 2732 278 2763 (a)
294 2732 353 2757 Caet.
368 2731 427 2756 edit.
443 2731 609 2757 consistits—
624 2730 657 2762 (b)
672 2730 786 2754 libertas,

1761 232 1815 262 30¹

1038 297 1180 330 luntatis.
1190 296 1278 328 Unde
1294 297 1362 338 ipsa
1372 307 1435 330 non
1447 299 1572 330 tantum
1579 296 1822 338 comprehendit

1038 351 1175 383 virtutes
1194 350 1379 382 ordinantes
1397 351 1438 382 ad
1457 352 1660 393 proximum,
1677 351 1760 382 sicut
1774 352 1822 381 cst

1040 406 1176 446 aequitas
1195 406 1226 436 et
1247 404 1418 436 liberalitas
1447 405 1502 446 (ἰὼ
1521 415 1635 436 verum
1661 405 1757 437 etiam
1782 405 1822 435 ad

1040 459 1193 500 seipsum,
1210 457 1292 488 sicut
1312 459 1358 488 est
1374 459 1557 498 poenitentia
1578 461 1609 490 et
1623 458 1820 496 innocentia3

1040 522 1099 544 nec
1121 522 1186 544 non
1202 512 1241 543 ad
1257 511 1374 551 Deum,
1394 513 1475 545 sicut
1491 515 1539 545 cst
1555 513 1658 552 latria,
1678 513 1779 554 pietas
1792 515 1823 545 et

1041 565 1233 597 obedientia.

1082 618 1246 650 Postremo
1255 644 1264 658 ,
1276 619 1352 660 quia
1362 620 1466 651 omnis
1481 621 1639 652 rectitudo
1651 621 1821 660 virtutum,

1042 673 1218 704 secundum
1234 682 1303 704 esse
1328 673 1528 713 gratuitum,
1547 677 1656 706 manat
1675 684 1694 706 a
1718 676 1823 715 gratia

1042 729 1198 768 tanquam
1219 728 1259 758 ab
1282 727 1409 767 origine
1431 729 1462 759 et
1483 729 1610 768 radice3
1636 730 1684 768 et,
1707 720 1821 760 secun-

1042 781 1119 812 dum
1142 790 1209 812 esse
1232 781 1453 820 meritorium,
1470 785 1672 823 comparatur
1692 783 1731 814 ad
1747 784 1823 815 cha-

1042 835 1169 867 ritatem
1181 836 1262 867 sicut
1272 836 1311 867 ad
1326 836 1499 876 originem,
1513 837 1649 868 formam
1662 839 1693 868 et
1705 838 1821 868 finem:

1043 888 1116 920 hinc
1143 891 1207 927 est,
1231 890 1316 930 quod
1341 892 1464 921 caeterae
1488 891 1626 922 virtutes
1651 892 1821 930 gratuitae,

1042 943 1147 983 quoad
1162 944 1292 974 habitus
1310 947 1384 975 sunt
1407 953 1578 982 connexae,
1601 948 1632 975 et
1647 946 1752 985 quoad
1767 955 1823 976 ac-

1042 998 1093 1027 tus
1109 997 1289 1028 meritorios
1304 998 1537 1038 suntaequaies.
1557 998 1638 1029 Hinc
1652 1001 1699 1030 est
1713 1000 1821 1038 etiam,

1043 1051 1128 1091 quod
1144 1052 1251 1082 caeteri
1266 1052 1396 1083 habitus
1417 1053 1578 1084 virtulum
1602 1056 1734 1093 possunt
1755 1064 1823 1086 esse

1042 1104 1210 1143 informes,
1233 1105 1300 1136 sola
1323 1105 1477 1137 charitate
1502 1109 1633 1146 excepta
1648 1131 1658 1145 ,
1684 1117 1757 1148 quae
1777 1110 1824 1139 est

1043 1157 1202 1188 virtutum
1226 1158 1339 1189 forma.
1364 1158 1444 1190 Cum
1465 1159 1551 1190 enim
1570 1160 1731 1191 habentur
1755 1161 1823 1192 sine

1043 1212 1147 1251 gratia
1162 1214 1191 1243 et
1208 1212 1379 1251 charitate,
1398 1213 1431 1244 in
1455 1214 1573 1253 quibus
1593 1215 1736 1246 consistit
1757 1216 1823 1247 vita

1042 1265 1202 1296 virtutum
1216 1290 1223 1304 ,
1242 1268 1318 1296 tunc
1339 1268 1414 1297 sunt
1430 1267 1602 1306 informes3
1620 1278 1694 1299 cum
1714 1271 1822 1300 autem

1043 1319 1319 1359 superinfunditur
1339 1321 1459 1360 gratia,
1480 1323 1557 1352 tunc
1578 1323 1774 1362 formantur,
1793 1326 1824 1354 et

1043 1373 1244 1411 decorantur,
1261 1377 1292 1405 et
1308 1374 1372 1406 Deo
1396 1376 1604 1415 acceptabiles
1618 1377 1702 1407 fiunt
1720 1388 1726 1407 :
1743 1378 1823 1408 sicut

1043 1429 1073 1458 et
1088 1427 1208 1458 colores
1223 1428 1345 1468 absque
1368 1428 1439 1459 luce
1464 1432 1539 1460 sunt
1559 1430 1755 1469 invisibiles,
1772 1442 1823 1463 su-

1042 1481 1249 1522 perveniente
1264 1484 1371 1513 autem
1387 1482 1509 1514 lumine
1523 1484 1606 1514 fiunt
1620 1484 1717 1516 lucidi
1731 1511 1738 1525 ,
1757 1487 1823 1526 pnl-

1043 1535 1122 1573 chri,
1136 1538 1166 1566 et
1180 1536 1322 1576 aspectui
1334 1536 1577 1576 complacentes.
1592 1537 1680 1569 Unde
1691 1563 1699 1577 ,
1715 1549 1823 1579 quem-

1043 1589 1217 1620 admodum
1232 1600 1272 1620 ex
1287 1590 1356 1621 luce
1377 1592 1407 1620 et
1428 1591 1586 1622 coloribus
1610 1592 1646 1622 fit
1665 1602 1769 1623 unum
1790 1594 1823 1624 in

1043 1642 1165 1673 ratione
1181 1642 1311 1681 motivi,
1323 1645 1354 1674 et
1367 1653 1432 1674 una
1448 1644 1505 1674 lux
1518 1645 1635 1676 sufficit
1650 1646 1688 1676 ad
1704 1647 1823 1678 multos

1043 1696 1163 1727 colores
1178 1696 1422 1736 illuminandos;
1440 1698 1485 1729 sic
1503 1708 1543 1729 ex
1560 1699 1665 1738 gratia
1685 1702 1717 1731 et
1730 1700 1824 1731 habi-

1043 1750 1128 1781 tibus
1140 1751 1347 1790 informibus,
1363 1761 1437 1783 cum
1453 1753 1649 1791 formantur,
1670 1754 1706 1785 fit
1721 1764 1823 1785 unum

1043 1805 1218 1836 secundum
1246 1806 1402 1837 rationem
1430 1807 1586 1838 meritorii
1611 1810 1641 1838 et
1664 1808 1821 1847 gratuiti3

1043 1861 1075 1890 et
1088 1869 1153 1890 una
1169 1860 1382 1891 nihilominus
1398 1861 1504 1900 gratia
1525 1862 1642 1892 sufficit
1664 1862 1704 1893 ad
1725 1863 1822 1893 infor-

1044 1913 1219 1944 mationem
1240 1916 1269 1944 et
1292 1914 1558 1953 gratificationem
1579 1915 1749 1946 habituum
1774 1916 1824 1947 di-

1044 1975 1225 1998 versorum.

1309 2068 1480 2102 CAPUT
1513 2069 1556 2102 V.

1080 2154 1118 2180 De
1137 2154 1335 2187 ramificatione
1354 2155 1450 2187 qratioe
1469 2155 1499 2180 in
1519 2154 1627 2181 habitus
1649 2154 1786 2182 donorum.

1088 2235 1129 2266 De
1143 2235 1374 2266 ramificatione
1389 2237 1496 2266 autem
1513 2236 1628 2275 gratiae
1644 2236 1678 2267 in
1697 2237 1825 2268 habitus

1045 2289 1204 2320 donorum
1219 2289 1288 2320 haec
1304 2289 1440 2319 tenenda
1455 2292 1548 2328 sunt,
1567 2291 1651 2330 quod
1670 2291 1743 2322 licet
1755 2292 1824 2328 plu-

1045 2342 1128 2372 rima
1142 2342 1205 2373 sint
1220 2342 1301 2373 dona
1317 2342 1430 2381 gratiae
1447 2343 1547 2381 gratis
1566 2343 1658 2382 datae,
1676 2347 1707 2375 et
1725 2354 1824 2384 gene-

1045 2395 1153 2426 raliter
1167 2405 1279 2426 omnes
1291 2395 1420 2426 habitus
1431 2396 1585 2427 divinitus
1597 2397 1661 2427 dati
1674 2398 1757 2428 dona
1769 2398 1823 2429 Dei

1045 2458 1110 2480 non
1143 2449 1279 2480 absurde
1307 2449 1367 2480 dici
1396 2449 1532 2488 possint,
1558 2450 1736 2489 specialiter
1754 2461 1757 2464 ·
1773 2454 1822 2482 ta-

1046 2512 1121 2533 men
1136 2505 1165 2533 et
1180 2503 1383 2543 appropriate
1401 2505 1523 2542 septem
1537 2506 1612 2534 sunt
1626 2504 1709 2534 dona
1724 2505 1823 2544 Spiri-

1045 2559 1097 2588 tus
1107 2557 1219 2595 sancti,
1232 2565 1304 2596 quae
1316 2558 1483 2587 enumerat
1494 2558 1524 2586 et
1535 2557 1681 2587 nominat
1692 2557 1787 2587 Isaias
1797 2559 1803 2573 ¹
1813 2582 1820 2595 ‚

1046 2611 1179 2652 loquens
1204 2611 1241 2641 de
1264 2611 1341 2650 flore
1360 2634 1370 2648 ,
1394 2610 1450 2650 qui
1475 2611 1625 2650 processit
1651 2611 1688 2642 cle
1716 2611 1826 2643 'radice

1045 2665 1131 2697 Jesse
1143 2689 1150 2702 ‚
1166 2665 1198 2696 id
1223 2667 1286 2703 est,
1311 2664 1437 2696 Christo
1455 2675 1461 2695 :
1478 2665 1517 2695 de
1543 2674 1607 2705 quo
1631 2665 1724 2704 dicit,
1741 2667 1826 2705 quod

1081 2730 1084 2742 ¹
1098 2728 1158 2759 Isa„
1173 2733 1209 2758 XI,
1227 2729 1277 2752 1-2.

1872 1014 1943 1034 Virtu-

1847 1046 1879 1065 tes
1890 1052 1934 1065 mn·

1837 1082 1877 1096 nes
1897 1083 1945 1103 pos-

1838 1109 1944 1129 suutesse

1858 1139 1924 1160 insor-

1862 1177 1918 1197 mes,

1838 1202 1945 1222 charitate

1838 1235 1937 1259 excepta.

1859 2361 1947 2385 Septem

1862 2391 1919 2410 dona

1845 2421 1939 2448 Spiri¹us

1840 2453 1919 2474 sancti.
