2003 3037
154 287 224 310 uti-1.

141 943 236 970 Angelo-

129 980 178 995 rum
197 980 234 995 ac-

129 1006 164 1026 tus
177 1006 236 1026 circa

147 1036 220 1058 homi·

151 1074 210 1089 nom.

251 219 310 250 390

250 284 357 317 exilio.
375 284 456 316 Item
472 282 578 322 Uriel‚
598 283 656 324 qui
675 283 907 324 interpretatur
921 285 1030 316 lucens

250 338 326 377 Deo,
337 337 406 370 sive
417 345 576 379 apparens
585 336 661 373 Deo,
675 337 728 369 vel
738 337 825 378 ignis
835 337 901 377 Dei,
913 340 969 370 aut
984 338 1030 369 in-

250 391 399 424 cendium
414 391 469 423 Dei
486 401 493 422 :
509 399 585 432 quae
604 390 726 432 duplex
745 391 965 432 interpretatio
979 391 1031 422 in—

249 445 421 486 nuit,quod
437 453 494 485 per
509 445 581 485 ejus
595 444 813 476 ministerium
827 444 1030 476 illustramur

250 499 284 530 in
305 499 458 536 veritate,
483 499 516 529 et
537 497 781 529 inflammamur
805 498 840 528 in
863 498 1027 531 charitate.

250 552 420 585 Mittuntur
446 552 534 583 enim
566 551 684 592 Angeli
711 551 751 583 ad
780 551 1029 584 illuminandum

249 608 396 638 nostrum
409 605 617 644 intellectum,
633 607 665 636 et
679 605 948 637 inflammandum
968 615 1029 638 no-

249 663 353 692 strum
371 659 523 691 affectum
537 683 544 697 ,
567 659 626 690 etsi
647 667 712 690 non
737 659 900 698 effective,
917 659 1029 691 saltem

247 713 443 755 dispositive.
462 713 503 744 De
512 713 574 744 hoc
587 712 730 751 nomine,
749 712 842 751 Uriel,
859 712 982 752 legitur
995 714 1029 744 in

247 767 341 799 tertio
354 767 464 799 Esdrae
479 767 505 805 ¹,
528 766 604 807 quia
620 766 736 797 missus
756 769 804 798 est
818 767 877 798 iste
886 767 1029 806 ⁴angelus

247 821 288 854 ad
306 821 554 854 consolationem
570 821 677 861 populi
697 820 770 858 Dei,
787 820 844 861 qui
858 820 898 852 ab
913 820 1029 852 alieni-

249 876 341 917 genis
355 876 571 917 premebatur.

290 930 415 962 Habent
429 930 526 961 etiam
550 929 668 970 Angeli
692 929 775 960 circa
790 929 955 960 hominem
975 939 1029 961 ac-

250 987 319 1017 tum
334 984 492 1025 triplicem
507 984 721 1024 frequentare,
741 983 859 1014 scilicet
875 993 1027 1024 purgare,

250 1039 453 1077 illuminare,
483 1039 644 1079 perticere.
676 1037 804 1068 Primus
827 1040 916 1068 actus
941 1038 1028 1069 ordi-

250 1096 346 1125 natur
359 1093 398 1125 ad
418 1093 613 1124 amotionem
632 1092 956 1132 impedimentorum
979 1101 1028 1123 se-

251 1148 374 1179 cundus
405 1149 495 1178 actus
508 1172 515 1185 ,
540 1146 579 1178 ad
610 1146 827 1186 cognitionem
857 1154 1027 1184 verorum;

252 1202 385 1240 tertius,
412 1201 451 1232 ad
474 1200 673 1231 dilectionem
703 1200 874 1230 bonorum.
905 1199 1029 1230 Habent

250 1255 343 1286 tertio
358 1255 390 1285 in
406 1254 591 1285 hominibus
604 1253 754 1284 effectum
773 1252 931 1292 duplicem
955 1262 1030 1293 pro-

251 1318 381 1340 creare:
414 1317 516 1339 unum
539 1306 658 1338 scilicet
684 1308 830 1346 respectu
855 1306 947 1342 boni,
978 1306 1029 1337 vel

250 1361 480 1400 conservandi,
497 1361 547 1393 vel
568 1359 752 1400 acquirendi
769 1383 774 1396 ,
800 1359 851 1390 vel
869 1369 1030 1399 augmen-

250 1416 358 1454 tandi;
380 1415 478 1446 alium
497 1416 641 1455 respectu
658 1413 751 1451 mali,
775 1413 825 1444 vel
846 1413 1027 1451 deserendi,

250 1469 301 1501 vel
324 1469 464 1506 vitandi,
487 1468 538 1499 vel
561 1467 738 1499 minuendi.
763 1466 887 1498 Habent
911 1467 1027 1497 nihilo-

251 1523 358 1555 minus
377 1532 490 1555 omnes
508 1524 636 1563 propter
656 1521 870 1552 ministerium
895 1521 1029 1552 humani

250 1577 377 1617 generis
392 1577 538 1608 militare.
552 1576 686 1613 Quidam
703 1576 787 1605 enim
803 1575 976 1605 mittuntur
991 1575 1028 1605 ad

250 1640 309 1661 nos
331 1631 481 1661 missione
502 1630 674 1666 exteriori3
700 1629 830 1669 quidam
859 1629 1031 1659 mittuntur

251 1685 288 1715 ad
305 1684 447 1724 Angelos
470 1686 598 1724 propter
620 1692 677 1713 nos
698 1683 848 1713 missione
873 1682 1028 1720 interiori,

251 1738 331 1768 sicut
346 1738 396 1768 illa
413 1747 552 1777 superna
573 1737 706 1776 agmina
721 1746 793 1776 quae
810 1736 1028 1776 praeeminent,

251 1800 324 1832 quae
349 1800 442 1822 usum
466 1791 633 1822 exterioris
658 1790 752 1821 ol'ticii
777 1799 943 1829 nunquam
973 1790 1029 1820 ha-

251 1845 337 1884 bent,
354 1847 460 1875 tamen
481 1844 519 1875 ad
536 1854 593 1876 uos
612 1844 661 1875 vel
677 1846 806 1883 propter
821 1852 878 1873 nos
896 1843 1030 1874 mittun-

252 1902 323 1937 tur,
341 1899 517 1930 secundum
533 1899 617 1939 quod
632 1899 705 1928 dicit
722 1897 892 1937 Apostolus
907 1898 928 1935 ²,
946 1897 1031 1937 quod

252 1961 356 1985 omnes
372 1956 447 1985 sunt
460 1952 740 1984 administratorii
755 1952 906 1991 spiritus,
925 1953 959 1982 in
975 1952 1032 1983 mi-

252 2008 423 2039 nisterimn
442 2007 536 2037 misse·
547 2032 556 2043 ‚
572 2010 698 2045 pvvpter
714 2013 764 2037 eos
783 2006 842 2045 qui
857 2005 1029 2037 lim-edica-

254 2063 312 2092 tem
327 2060 461 2099 capiente
476 2060 603 2091 salutis.
627 2058 749 2089 liabent
770 2068 899 2098 quoquc
915 2059 1031 2095 Angeli

254 2114 293 2144 ad
317 2112 493 2144 custodiam
511 2112 681 2142 hominum
703 2112 859 2150 deputati,
885 2112 924 2142 ab
949 2112 1031 2142 infu-

254 2166 342 2197 sione
358 2165 475 2197 animae
494 2167 596 2205 usque]
612 2165 650 2196 ad
667 2165 885 2204 egressionem
908 2165 945 2195 do
962 2174 1030 2196 cor-

254 2229 341 2261 pore,
361 2222 511 2251 conatum
536 2219 650 2250 diaboli
675 2221 783 2249 contra
800 2219 965 2250 hominem
981 2229 1032 2250 re-

255 2274 389 2305 frenare.
414 2273 501 2304 Unde
525 2273 599 2304 dicit
627 2273 737 2303 beatus
758 2272 973 2312 Hieronymus
988 2273 998 2289 ³
1025 2282 1031 2303 :

260 2339 274 2356 «t
290 2328 407 2367 Magna
418 2327 558 2366 dignitas
572 2326 765 2364 animarum,
782 2328 816 2356 ut
831 2335 1033 2366 unaquaeque

256 2381 371 2411 habeat
392 2381 432 2411 al)
452 2383 523 2411 ortu
544 2380 718 2411 nativitatis
740 2380 771 2410 in
793 2380 968 2411 custodiam
985 2381 1034 2411 sui

257 2434 410 2473 angelum
425 2434 620 2472 delegatum.
639 2444 653 2461 υ
674 2432 709 2463 Et
725 2433 835 2463 beatus
861 2433 1034 2473 Gregorius

254 2486 333 2518 (licit
356 2488 385 2524 ⁸,
412 2487 495 2526 quod
526 2498 539 2516 (ι
564 2486 788 2526 unusquisque
812 2486 905 2516 habet
932 2496 1034 2517 nuum

260 2540 381 2570 bouum
396 2540 549 2579 angelum
563 2540 622 2570 sibi
633 2540 671 2570 ad
689 2539 877 2577 custodiam,
890 2543 919 2571 et
932 2550 1034 2572 unum

261 2593 383 2624 malum
395 2593 434 2624 ad
445 2594 633 2624 exercitium
648 2593 846 2634 deputatum.
863 2606 876 2622 n

297 2676 304 2692 ¹
320 2674 404 2704 Esdr„
420 2674 454 2698 lib
485 2675 526 2705 tv,
547 2681 579 2705 iv,
599 2678 606 2698 1
629 2678 653 2699 et
667 2682 731 2705 seq,
747 2675 812 2698 inter
830 2676 975 2706 apocrypha
997 2677 1035 2700 Bi-

262 2709 420 2734 bliorum.—
439 2710 448 2726 ¹
463 2709 545 2737 Hebr..
567 2716 585 2740 1,
607 2712 643 2735 ¹4.
657 2724 682 2728 -
700 2710 708 2724 ¹
726 2710 841 2741 Hieron„
852 2711 1034 2736 Commeut.1‘n

900 215 1209 254 CENTILOQUlUM.

1343 354 1494 390 SECTIO
1517 354 1609 390 XIX.

1279 458 1318 486 De
1337 458 1544 493 diffinitionibus
1563 459 1672 487 animoe.

1126 553 1234 586 Restat
1256 555 1365 586 videre
1388 555 1427 586 de
1453 555 1546 587 tertia
1573 554 1755 587 differentia
1772 564 1865 587 crea-

1085 609 1179 647 turae,
1195 617 1269 649 quae
1283 609 1458 650 composita
1467 611 1563 641 estex
1577 609 1735 650 spirituali
1750 611 1782 642 et
1795 618 1868 642 cor-

1086 661 1204 702 porali,
1227 663 1407 703 cujusmodi
1428 665 1474 694 est
1499 663 1652 694 humana.
1681 662 1720 694 Et
1742 663 1866 704 primo,

1087 716 1243 755 quantum
1257 715 1297 747 ad
1311 716 1470 755 animam;
1488 716 1639 755 secundo,
1655 719 1814 758 quantum
1825 717 1867 750 ad

1087 777 1222 809 corpus;
1238 769 1343 808 tertio,
1361 771 1520 810 quantum
1533 771 1578 802 ad*
1589 772 1807 811 conjunctum.
1824 771 1868 804 De

1087 823 1194 854 anima
1222 823 1366 854 humana
1391 823 1455 855 duo
1479 826 1556 855 sunt
1576 824 1794 865 principaliter
1817 825 1866 857 vi-

1087 875 1208 915 denda,
1237 876 1354 908 scilicet
1387 876 1534 909 diffinitio
1545 901 1555 916 ,
1586 879 1618 909 et
1649 878 1866 918 potentiarum

1087 929 1213 961 divisio.

1127 984 1244 1015 Anima
1271 987 1392 1025 septem
1420 984 1664 1017 diffinitionibus
1697 984 1867 1018 diffinitur.

1088 1038 1194 1069 Prima
1209 1039 1300 1069 estin
1316 1038 1398 1069 libro
1411 1038 1449 1070 de
1464 1038 1553 1070 Motu
1569 1038 1677 1071 cordis
1689 1048 1700 1070 :
1721 1050 1736 1068 «
1750 1038 1869 1070 Anima

1085 1094 1133 1123 est
1168 1092 1344 1123 substantia
1380 1093 1566 1133 incorporea
1578 1116 1587 1131 ,
1622 1091 1845 1123 intellectualis
1857 1115 1866 1131 ,

1086 1146 1370 1184 illuminationum,
1385 1155 1458 1187 quae
1471 1148 1547 1177 sunt
1561 1155 1580 1177 a
1594 1146 1699 1186 prima
1708 1147 1740 1176 et
1754 1145 1869 1177 ultima

1086 1200 1252 1237 relatione,
1267 1201 1459 1241 perceptiva.
1480 1199 1626 1231 Secunda
1641 1202 1689 1231 est
1703 1200 1864 1240 Remigii:

1091 1265 1104 1283 (ι
1121 1254 1237 1285 Anima
1257 1257 1304 1285 est
1326 1254 1504 1285 substantia
1526 1254 1731 1294 incorporea,
1750 1263 1868 1294 regens

1087 1316 1214 1348 corpus.
1238 1319 1252 1336 n
1276 1307 1383 1339 Tertia
1405 1309 1452 1339 est
1474 1307 1672 1346 Aristotelis,
1687 1307 1720 1338 in
1734 1307 1816 1339 libro
1830 1307 1868 1340 de

1087 1361 1207 1393 Anima
1222 1361 1232 1378 ⁸
1256 1370 1266 1392 .·
1292 1373 1306 1391 «
1335 1361 1451 1392 Anima
1474 1363 1521 1392 est
1542 1363 1630 1392 actus
1652 1361 1776 1402 primus
1797 1370 1867 1393 cor-

1086 1414 1171 1454 poris
1194 1415 1339 1454 organici
1363 1415 1503 1455 physici,
1526 1415 1667 1455 potentia
1686 1415 1784 1446 vitam
1808 1415 1867 1446 ha-

1088 1469 1200 1499 bentis.
1226 1480 1239 1497 »
1263 1469 1382 1507 Quarta
1402 1471 1447 1500 est
1463 1469 1659 1509 Augustini⁶
1680 1479 1686 1499 :
1714 1480 1728 1498 α
1752 1469 1868 1501 Anima

1086 1525 1132 1553 est
1154 1522 1329 1553 similitudo
1351 1522 1509 1553 omnium.
1532 1533 1546 1550 n
1573 1521 1691 1559 Quinta
1709 1524 1756 1552 est
1777 1522 1869 1553 simi-

1086 1575 1158 1606 liter
1179 1575 1354 1615 Augustini
1375 1575 1384 1591 ⁷
1411 1587 1417 1606 :
1447 1587 1461 1604 «
1484 1576 1600 1606 Anima
1620 1578 1668 1606 est
1691 1576 1868 1608 substantia

1086 1629 1234 1669 quaedam
1254 1629 1385 1659 rationis
1404 1628 1571 1669 particeps,
1586 1628 1728 1669 regendo
1743 1630 1867 1670 corpori

1087 1683 1336 1714 accommodata.
1352 1694 1365 1711 ι)
1384 1682 1481 1713 Sexta
1495 1684 1634 1714 sumitur
1649 1692 1689 1714 ex
1708 1682 1820 1716 Genesi
1834 1685 1845 1703 ⁸
1858 1694 1868 1714 :

1092 1748 1105 1765 «
1130 1737 1246 1767 Anima
1269 1739 1314 1767 cst
1337 1736 1490 1767 deiforme
1516 1736 1713 1776 spiraculum
1739 1737 1826 1768 vitae.
1849 1748 1864 1766 n

1088 1789 1229 1830 Septima
1253 1793 1299 1820 cst
1325 1790 1477 1821 Senecae:
1504 1802 1518 1819 α
1541 1790 1658 1821 Anima
1677 1793 1723 1822 est
1740 1790 1869 1831 spiritus

1088 1844 1326 1882 intellectualis,
1346 1845 1377 1875 in
1392 1854 1424 1875 se
1440 1847 1469 1875 et
1486 1844 1517 1874 iu
1538 1853 1669 1884 corpore
1683 1844 1723 1875 ad
1737 1844 1870 1875 beatitu-

1087 1898 1194 1928 dincm
1220 1898 1395 1928 ordinatus.
1424 1908 1438 1925 n
1466 1897 1526 1928 Per
1545 1897 1682 1937 primam
1707 1897 1870 1928 diffinitio-

1088 1961 1161 1982 nem
1179 1952 1364 1982 notificatur
1379 1952 1487 1982 anima
1502 1951 1684 1989 rationalis,
1709 1955 1803 1991 prout
1824 1953 1870 1982 est

1088 2006 1235 2045 spiritus;
1254 2015 1307 2045 per
1323 2005 1495 2035 secundam
1511 2007 1541 2035 et
1557 2005 1695 2042 tertiam,
1712 2007 1808 2045 prout
1823 2007 1870 2036 est

1089 2060 1205 2090 anima.
1233 2059 1404 2098 Copulatur
1429 2059 1516 2089 enim
1547 2058 1670 2096 anima,
1698 2060 1729 2089 et
1758 2058 1870 2089 unitur

1088 2112 1223 2152 corpori,
1241 2115 1275 2143 ut
1292 2115 1395 2143 motor
1408 2111 1527 2149 mobili,
1545 2113 1575 2141 et
1590 2112 1633 2142 sic
1649 2114 1696 2143 est
1709 2111 1867 2149 secunda;

1089 2168 1119 2195 et
1134 2169 1167 2195 ut
1183 2166 1330 2205 perfectio
1353 2165 1555 2205 perfectibili,
1581 2167 1612 2196 et
1631 2165 1675 2196 sic
1697 2167 1744 2196 est
1763 2165 1867 2196 tertia.

1091 2219 1150 2251 Per
1165 2219 1242 2250 alias
1258 2229 1334 2250 vero
1348 2222 1496 2260 quatuor,
1515 2228 1587 2259 quae
1603 2220 1793 2259 sequuntur,
1810 2218 1869 2249 (lif-

1091 2275 1200 2304 finitur
1216 2276 1251 2305 ut
1270 2274 1378 2304 anima
1390 2276 1421 2304 et
1435 2274 1577 2314 spiritus,
1596 2274 1639 2304 ita
1653 2273 1739 2313 quod
1756 2275 1870 2313 quarta

1090 2331 1137 2358 est
1152 2337 1207 2367 per
1223 2328 1493 2367 comparationem
1509 2327 1548 2358 ad
1562 2329 1723 2358 creaturas
1733 2335 1869 2366 genera-

1090 2381 1177 2419 liter3
1196 2381 1317 2421 quinta,
1336 2390 1392 2421 per
1410 2381 1681 2421 comparationem
1698 2380 1737 2410 ad
1756 2388 1870 2419 corpus

1091 2436 1175 2475 quod
1193 2435 1330 2475 perficit;
1348 2438 1453 2473 sexta,
1471 2444 1526 2474 per
1543 2433 1815 2474 comparationem
1830 2433 1870 2465 ad

1091 2489 1192 2520 Deum
1216 2491 1368 2528 tanquam
1393 2488 1432 2519 ad
1459 2496 1550 2519 suam
1576 2496 1706 2518 causam
1727 2487 1871 2518 efficien-

1091 2545 1154 2574 tem
1168 2553 1174 2573 :
1189 2542 1337 2581 septima,
1355 2551 1412 2582 per
1426 2541 1697 2581 comparationem
1712 2540 1750 2571 ad
1768 2540 1870 2572 Deum

1092 2605 1195 2665 {urim-L,
1209 2642 1218 2657 ⁵
1234 2641 1319 2668 Arist,
1335 2640 1365 2663 de
1380 2640 1483 2667 Anima,
1500 2639 1534 2662 lib
1566 2639 1601 2667 ΙΙ,
1620 2640 1680 2663 text..
1699 2640 1723 2663 5.
1738 2651 1769 2656 -
1788 2639 1797 2652 Ε
1816 2638 1867 2661 imo

1091 2678 1179 2700 auctor
1195 2677 1237 2700 lib.
1251 2675 1280 2698 *le
1296 2676 1365 2705 spir.
1379 2677 1403 2699 et
1420 2675 1516 2706 Anima,
1532 2682 1555 2698 c.
1575 2680 1609 2700 vi.
1622 2688 1653 2693 -
1670 2675 1680 2691 ⁷
1700 2674 1773 2703 thid„
1789 2680 1811 2697 c.
1829 2679 1867 2698 ln.

1090 2724 1121 2731 -
1134 2713 1142 2727 ⁸
1155 2712 1225 2741 Gen„
1242 2717 1269 2740 u,
1284 2712 1305 2735 7.

1211 2614 1231 2628 r.
1249 2610 1321 2628 xviii.
1339 2617 1367 2621 —
1388 2604 1396 2619 ’ψ
1416 2604 1502 2633 mog,
1523 2602 1622 2632 illm-al.¹
1644 2603 1685 2627 lib.
1708 2603 1739 2632 li,
1756 2610 1777 2627 c.
1797 2608 1828 2626 xv
1846 2604 1870 2626 et
