2003 3037
151 1205 222 1227 Idolo-

113 1236 187 1258 latria.

128 1852 223 1887 ‘Apum-

116 1889 156 1903 818.

114 2324 222 2345 Schisma.

237 165 297 195 368

236 230 345 262 unitas
360 229 510 262 Ecclesiae
524 229 666 262 maxime
675 229 820 262 consistit
831 229 865 262 in
877 230 1016 269 duobuS‚

237 284 357 316 scilicet
366 284 401 315 in
411 283 490 323 fide,
502 284 569 317 sive
579 284 724 323 veritate,
741 286 850 316 contra
861 294 960 326 quam
971 286 1018 316 est

237 337 442 378 impugnatio
451 337 594 370 veritatis
601 338 724 379 agnitae
733 350 742 378 3
753 339 826 370 etin
837 339 942 379 gratia
949 339 1018 370 sive

237 390 403 430 charitate,
410 393 522 423 contra
527 400 625 432 quam
632 394 680 424 est
688 392 1018 424 invidentiafraternae

237 445 365 484 gratiae.

474 507 624 543 SECTIO
653 508 777 544 XXVI.

416 591 454 618 De
476 590 655 626 idololatria,
680 593 706 619 et
733 591 836 619 hoeresi.

276 657 429 698 Sequitur
443 657 553 690 videre
568 658 606 689 de
622 658 778 690 divisione
795 658 925 699 peccati,
942 667 1016 699 quae

235 713 284 743 est
310 722 317 743 :
346 714 514 752 peccatum
537 712 624 743 aliud
655 712 688 743 in
713 712 814 743 Deum
830 736 840 751 ,
871 711 960 743 aliud
985 712 1019 743 in

235 765 422 806 proximum
435 790 444 804 ‚
459 765 546 797 aliud
562 766 595 796 in
615 775 649 797 se
665 766 780 806 ipsum.
801 766 967 798 Peccatum
984 766 1018 797 in

235 818 336 850 Deum
351 819 467 851 dicitur
484 819 651 861 impietas;
669 822 834 860 peccatum
857 820 891 851 in
907 821 1017 860 proxi-

235 880 326 902 mum
341 895 351 910 ,
376 871 547 912 iniquitas3
580 873 745 912 peccatum
770 872 802 903 iu
831 881 865 904 se
889 872 1017 913 ipsum,

237 924 416 964 impuritas

277 977 386 1010 Primo
412 978 587 1011 videndum
611 981 658 1010 est
680 979 718 1011 de
740 980 875 1020 peccatis
898 981 1018 1021 quibus

236 1032 449 1064 inhonoratur
470 1032 588 1064 divinae
614 1034 790 1074 majestatis
816 1035 1016 1076 omnipoten-

236 1087 280 1118 tia
302 1087 526 1127 superstitione
551 1087 690 1126 colendi,
714 1097 787 1128 quae
811 1091 887 1120 sunt
912 1089 1016 1120 idolo-

236 1140 341 1179 latria,
359 1140 440 1171 ritus
451 1141 613 1180 Judaicus‚
627 1141 706 1171 ritus
717 1142 929 1182 saracenicos,
942 1153 1017 1183 apo-

237 1194 360 1233 stasia,
392 1194 530 1225 schisma
551 1219 560 1233 ‚
589 1195 732 1226 haeresis.
766 1195 944 1227 Idololatria
970 1200 1017 1228 est

236 1248 315 1279 falsa
337 1250 367 1279 et
397 1248 616 1288 superstitiosa
639 1249 821 1289 protestatio
842 1251 1017 1289 majestatis

237 1302 355 1333 divinae
378 1302 411 1333 in
436 1301 530 1333 idolo.
551 1301 741 1333 ldololatriae
762 1303 835 1334 duze
851 1306 924 1334 sunt
941 1314 1014 1345 spe-

237 1356 298 1387 cies
315 1365 323 1386 t
340 1365 406 1387 una
430 1356 463 1386 in
480 1356 575 1386 rebus
598 1356 797 1387 naturalibus
809 1381 817 1394 ‚
839 1357 900 1387 alia
913 1360 960 1388 est
983 1358 1015 1389 in

236 1410 333 1441 rebus
348 1410 584 1448 artificialibus,
601 1411 681 1441 sicut
697 1411 874 1442 ostenditur
889 1412 921 1442 in
935 1412 1016 1444 libro

239 1464 417 1503 Sapientis&
432 1465 451 1495 ¹.
467 1465 684 1495 Couunittitur
699 1467 805 1496 autem
831 1466 996 1506 tripliciter
1007 1492 1014 1506 ,

236 1519 354 1549 seilicet
371 1530 377 1550 :
397 1519 622 1559 protestatione
641 1519 759 1558 cordi&
780 1522 815 1550 ut
830 1520 959 1552 credere
977 1522 1015 1553 de

237 1574 383 1603 creatura
396 1573 480 1613 quod
497 1573 536 1603 sit
551 1574 764 1613 omnipotens,
783 1575 868 1614 quod
883 1578 929 1605 est
945 1585 1016 1615 pro-

237 1626 342 1666 prium
369 1627 543 1664 (tremoris-3
574 1627 772 1658 c011f2=ss1011e
797 1628 878 1666 oris,
911 1631 945 1659 ut
971 1632 1016 1660 est

236 1689 300 1710 non
318 1680 421 1711 solum
439 1681 584 1718 credere,
603 1681 654 1711 scd
672 1681 767 1712 etiam
784 1682 890 1712 verbis
905 1684 1013 1723 expri-

237 1743 343 1772 mere;
360 1735 557 1765 exhibitione
569 1736 685 1775 operis,
698 1739 731 1767 ut
746 1738 779 1766 lit
792 1737 822 1766 iu
837 1739 1014 1769 reverentia

237 1791 267 1818 et
282 1788 315 1818 in
330 1789 500 1819 sacrificiis.

276 1841 405 1882 Triplex
421 1844 467 1872 cst
491 1843 665 1882 apostasia,
689 1843 805 1874 scilicet
823 1855 829 1874 :
851 1846 1012 1885 perfidiae,

237 1905 311 1927 cum
332 1896 404 1935 quis
428 1896 544 1926 recedit
562 1906 580 1926 a
600 1896 660 1927 tide
675 1921 682 1934 ,
704 1899 738 1927 ut
765 1897 910 1929 Julianus
926 1900 1014 1939 Apo—

237 1952 334 1987 stata;
354 1950 587 1987 inobedientia’,
602 1960 675 1980 cum
687 1951 760 1990 quis
776 1952 889 1982 recedit
904 1962 922 1983 a
938 1963 1015 1992 prae-

237 2004 334 2043 ceptis
351 2003 507 2039 Ecclesiae,
527 2006 557 2033 et
576 2004 620 2033 sic
636 2008 644 2022 ²
664 2015 668 2034 :
697 2005 835 2035 Initium
857 2006 1014 2045 superbiae

236 2056 377 2088 hominis
393 2059 438 2087 esc
452 2059 631 2095 apostatare
646 2066 665 2087 (ι
685 2057 767 2095 Deo;
793 2058 1012 2097 irregularita-

239 2109 292 2148 tis,
309 2119 381 2140 cum
398 2110 469 2149 quis
490 2110 606 2140 recedit
621 2119 639 2140 a
656 2110 812 2149 religione
833 2111 990 2143 claustrali
1005 2138 1012 2152 ,

236 2163 287 2194 vel
312 2163 460 2193 clericali.
481 2163 645 2203 Apostasia
668 2163 712 2194 sic
730 2166 831 2203 potest
852 2165 987 2196 describi
1007 2178 1013 2198 z

237 2217 404 2256 Apostasia
425 2219 471 2247 est
492 2217 682 2247 temerarius
704 2227 723 2247 a
744 2220 829 2248 statu
854 2219 941 2257 fidei,
964 2220 1014 2251 vel

238 2270 426 2301 obedientiae
439 2294 448 2308 ,
463 2270 513 2301 vel
528 2270 696 2308 religionis
712 2280 863 2302 recessus,

279 2323 426 2354 Schisma
438 2325 485 2353 est
500 2322 609 2353 illicita
623 2323 778 2355 dissensio
793 2334 917 2364 eorum,
933 2327 1016 2359 inter

238 2385 318 2416 quos
333 2377 437 2407 unitas
453 2386 518 2407 csse
534 2376 626 2406 debet
640 2401 647 2414 ,
669 2376 718 2407 vel
735 2377 863 2408 illicitus
883 2380 922 2410 ab
942 2382 1013 2412 uni-

238 2430 301 2460 tate
320 2429 492 2460 dissensus.
519 2429 628 2460 Omnis
651 2430 782 2461 liaeresis
797 2434 845 2462 est
861 2433 1013 2474 schisma,

237 2482 291 2513 sed
308 2492 371 2513 non
388 2483 594 2514 convertitur.
620 2483 756 2514 llaeresis
770 2487 818 2515 est
840 2495 981 2517 recessus
996 2498 1015 2519 a

237 2536 310 2566 fidei
326 2536 468 2567 veritate.
487 2536 563 2568 Item
578 2537 730 2568 differunt
745 2538 894 2577 schisma,
911 2543 941 2571 et
953 2541 1016 2573 hce-

237 2590 315 2621 resis
333 2601 338 2621 :
359 2599 432 2621 nam
456 2591 587 2621 haeresis
612 2591 697 2622 addit
720 2601 856 2632 pravum
882 2594 1011 2634 dogma.

271 2653 354 2684 'Sup.,
371 2659 426 2683 xiii,
441 2655 503 2683 2,10
515 2656 538 2676 et
551 2660 604 2684 seq.
619 2667 645 2671 -
661 2655 668 2668 ²
682 2655 771 2684 Bet-(12,
785 2662 810 2686 x,
825 2659 903 2680 ;4.—
918 2658 927 2673 ³
938 2660 1016 2691 Aug„

891 160 1198 200 GENTILOQUlUM.

1075 229 1221 263 Schisma
1232 230 1267 262 in
1278 231 1344 263 fine
1357 231 1516 272 confingit
1529 231 1672 273 aliquam
1681 231 1848 267 haeresim:

1073 285 1146 324 post
1160 293 1323 317 recessum
1337 286 1425 317 enim
1436 286 1477 317 ab
1490 285 1614 318 unitate
1630 285 1790 327 Ecclesiae,
1805 297 1853 320 se-

1073 338 1184 378 quitur
1203 338 1418 372 inobedientia
1443 340 1477 371 in
1502 339 1662 372 mandatis
1685 339 1849 381 Ecclesiam

1073 392 1108 424 in
1121 393 1186 425 fine
1203 402 1280 425 vero
1300 394 1446 434 sequitur
1459 393 1593 426 assertio
1602 418 1611 434 ‚
1625 394 1711 435 quod
1724 403 1791 428 non
1804 397 1853 428 est

1073 447 1288 480 obediendum
1302 448 1462 481 Ecclesiae.

1113 501 1251 534 Haeresis
1263 502 1348 534 idem
1363 505 1410 534 est
1420 527 1428 542 ‚
1444 502 1530 544 quod
1545 502 1658 535 divisio
1669 527 1679 542 ,
1694 503 1785 536 etsie
1798 503 1850 536 di-

1073 555 1156 587 citur
1170 556 1303 588 haeresis
1324 556 1543 597 propriissime
1561 565 1706 589 recessus
1727 566 1747 589 a
1769 557 1850 596 fide;

1073 609 1217 650 proprie,
1244 610 1323 642 falsa
1343 610 1564 651 interpretatio
1588 610 1828 651 Scripturarum
1841 623 1850 650 ;

1074 663 1181 694 minus
1195 664 1334 704 proprie,
1350 665 1651 696 excommunicatio.
1668 664 1853 696 Secundum

1074 716 1135 748 hoc
1159 716 1331 749 haereticus
1356 717 1474 749 dicitur
1502 718 1720 762 multipliciter
1748 729 1756 749 ι
1788 727 1853 750 uno

1074 771 1189 810 modo,
1207 771 1384 803 secundum
1398 771 1621 812 Augustinum
1638 772 1661 811 ⁸,
1682 772 1854 803 haereticus

1073 826 1139 863 est,
1155 825 1211 865 qui
1230 825 1366 866 alicujus
1381 825 1566 866 temporalis
1581 825 1681 863 lucri,
1703 828 1735 857 et
1749 825 1851 857 maxi-

1074 886 1126 909 me
1142 878 1255 918 gloriae
1265 902 1274 917 ,
1290 879 1553 920 principatusque
1566 879 1615 911 sui
1633 879 1739 919 gratia
1760 879 1853 911 falsas

1073 931 1238 972 opiniones
1260 933 1298 964 de
1315 932 1377 964 fide
1401 942 1438 963 ae
1455 942 1555 964 novas
1573 932 1700 972 gignit,
1725 934 1782 964 aut
1800 941 1853 964 se-

1073 986 1184 1026 quitur
1199 997 1205 1017 z
1227 987 1353 1026 gignit,
1369 988 1405 1018 ut
1419 986 1643 1018 haeresiarchae
1655 1011 1663 1027 ,
1679 986 1852 1026 sabellius,

1073 1043 1104 1070 et
1125 1039 1236 1078 Arius;
1258 1041 1415 1081 sequitur,
1434 1043 1469 1071 ut
1484 1040 1655 1072 Sabelliani
1669 1064 1676 1078 ‚
1693 1043 1724 1072 et
1740 1040 1854 1072 Ariani

1074 1093 1195 1134 decepti
1211 1103 1267 1134 per
1281 1094 1369 1125 tales.
1385 1094 1571 1125 Secundum
1586 1094 1818 1134 Hieronymum
1828 1094 1849 1133 ⁴,

1073 1149 1173 1188 potest
1199 1147 1369 1179 haereticus
1384 1147 1553 1188 appellari,
1569 1147 1641 1178 licet
1655 1148 1695 1179 ab
1715 1147 1852 1179 Ecclesia

1073 1210 1138 1232 non
1153 1200 1339 1240 decesserit,
1358 1202 1414 1242 qui
1428 1201 1520 1233 aliter
1536 1201 1685 1242 intelligit
1709 1201 1852 1242 Scriptu-

1073 1263 1154 1293 ram,
1167 1264 1264 1295 quam
1277 1264 1388 1286 sensus
1397 1254 1534 1295 Spiritus
1545 1255 1643 1286 sancti
1657 1255 1850 1296 expostulat.

1073 1307 1180 1339 Tertio
1190 1308 1307 1340 dicitur
1320 1308 1491 1339 haereticus
1503 1309 1703 1350 quicumque
1718 1319 1737 1340 a
1749 1318 1852 1341 sacra-

1073 1362 1190 1393 mentis
1207 1362 1351 1393 Ecclesiae
1363 1385 1372 1399 ,
1389 1362 1438 1393 vel
1464 1363 1691 1394 communione
1706 1363 1849 1395 fidelium

1073 1419 1120 1446 est
1135 1416 1277 1455 divisus,
1301 1419 1336 1447 ut
1350 1417 1648 1448 excommunicatus
1660 1442 1667 1456 ,
1686 1427 1745 1449 seu
1768 1418 1846 1449 sub-

1073 1479 1182 1501 versor
1202 1469 1367 1509 Ecclesiae,
1392 1480 1448 1501 seu
1464 1470 1609 1501 subrisor
1632 1474 1849 1503 sacramento-

1072 1533 1145 1555 rum
1161 1535 1167 1554 :
1183 1523 1267 1555 uude
1280 1524 1472 1555 simoniacus
1486 1524 1654 1556 haereticus
1668 1528 1848 1566 reputatur.

1303 1638 1452 1673 SECTIO
1478 1638 1618 1673 XXVlI.

1096 1722 1130 1749 De
1149 1721 1306 1753 interdicto,
1329 1724 1352 1749 ct
1373 1722 1478 1749 duabus
1496 1722 1631 1757 speciebus
1651 1724 1834 1750 excommuni-

1397 1768 1525 1794 cationis.

1111 1848 1265 1888 Sequitur
1279 1847 1318 1878 de
1335 1847 1459 1884 haeresi,
1476 1856 1549 1887 quae
1565 1850 1612 1878 est
1626 1849 1851 1880 excommuni-

1072 1901 1131 1939 tio,
1156 1901 1302 1932 ditiusius
1323 1901 1431 1931 videre
1454 1901 1486 1931 in
1506 1901 1633 1941 speciali
1662 1911 1670 1932 ε
1693 1905 1724 1933 et
1748 1903 1852 1943 primo

1073 1955 1110 1986 de
1135 1955 1325 1993 interdicto,
1351 1955 1435 1995 quod
1467 1958 1513 1985 est
1542 1956 1850 1988 excommunicatio-

1073 2009 1122 2039 nis
1145 2008 1282 2039 initium.
1307 2008 1354 2039 Ad
1372 2008 1456 2047 quod
1478 2008 1654 2038 notandum
1667 2033 1675 2046 ,
1695 2009 1780 2048 quod
1796 2018 1852 2040 no·

1073 2062 1158 2092 mine
1177 2070 1322 2092 censurae
1337 2061 1556 2092 ecclesiasticae
1572 2061 1766 2102 intelligitur
1781 2072 1850 2094 sen-

1073 2115 1170 2146 tentia
1204 2113 1361 2145 interdicti
1381 2140 1390 2152 ,
1419 2116 1764 2147 excommunicationis
1777 2140 1784 2154 ‚
1821 2119 1852 2148 et

1073 2168 1302 2209 suspensionis.
1321 2167 1451 2209 Proprie
1466 2171 1575 2200 autem
1591 2170 1852 2202 excommunica-

1073 2225 1126 2254 tur
1142 2232 1276 2262 persona
1291 2232 1309 2253 a
1324 2223 1550 2254 communione
1573 2227 1849 2256 sacramentorum

1073 2279 1103 2307 et
1114 2276 1257 2307 fidelium
1273 2279 1429 2317 separata.
1449 2276 1662 2317 Suspenditur
1670 2278 1767 2309 etiam
1783 2287 1850 2318 per-

1073 2339 1151 2362 sona
1175 2330 1366 2370 quandoque
1397 2330 1437 2361 ab
1462 2331 1566 2362 officio
1583 2355 1591 2369 ‚
1616 2331 1806 2371 quandoque
1831 2341 1850 2362 a

1072 2383 1225 2415 beneficio
1236 2407 1244 2422 ‚
1261 2383 1453 2424 quaudoque
1468 2384 1507 2414 ab
1524 2386 1672 2424 utroque.
1690 2384 1850 2415 Interdici-

1073 2441 1126 2469 tur
1140 2438 1238 2476 locus,
1255 2440 1369 2477 utputa
1385 2438 1508 2477 civitam,
1523 2438 1610 2476 villa,
1628 2437 1679 2469 vel
1693 2440 1846 2470 castrum.

1114 2492 1149 2522 ln
1164 2491 1305 2532 generali
1322 2491 1486 2522 interdicto
1502 2491 1617 2522 debent
1635 2491 1694 2522 ista
1712 2492 1849 2524 conferri

1072 2545 1112 2576 ab
1121 2544 1259 2576 Ecclesia
1272 2555 1278 2575 :
1290 2544 1469 2585 Baptismus
1480 2544 1703 2585 parvulorum,
1713 2546 1850 2577 morien-

1071 2626 1100 2649 de
1113 2626 1197 2649 Utilit.
1210 2625 1340 2656 Credendi',
1352 2626 1377 2649 iu
1393 2625 1505 2656 priue.-
1521 2625 1531 2641 δ
1547 2625 1661 2654 Hieron,
1679 2627 1704 2650 ιή
1721 2626 1801 2657 Epist.
1818 2626 1852 2651 od

1072 2661 1166 2691 Galat„
1181 2669 1204 2686 c.
1221 2667 1244 2684 v.

1866 508 1972 531 aaron.

1888 2019 1971 2038 Ceusn·

1866 2055 1895 2069 τε
1905 2049 1972 2070 cccle-

1865 2080 1967 2106 sinsticn.
