2003 3037
646 238 694 271 DE
716 237 866 270 GRATIA
889 235 1070 269 SPIRITUS
1094 236 1248 270 SANCTI.

141 307 315 349 plexabile,
345 317 402 349 per
433 307 688 340 ardentissimam
715 306 920 344 charitatem,

144 370 218 402 quae
238 364 377 394 mentem
400 363 542 394 nostram
562 369 620 402 per
639 360 775 392 extasim
794 362 825 392 et
846 369 921 400 rap-

145 417 217 446 tum
232 415 366 447 transire
378 415 451 447 facit
463 423 505 446 ex
517 414 580 446 hoc
591 413 713 446 mundo
727 414 768 446 ad
784 413 921 445 Patrem.

188 469 236 500 Ex
251 469 342 501 dictis
356 469 455 510 igitur
470 468 635 500 manifeste
650 468 824 507 colligitur,
839 466 925 508 quod

147 522 276 554 habitus
301 523 461 555 virtutum
485 522 525 553 ad
550 522 741 554 exercitium
763 521 924 562 principa-

146 577 219 608 liter
245 577 419 618 disponunt
446 577 579 616 activae;
610 576 739 608 habitus
764 585 842 608 vero
869 576 924 607 do-

147 630 345 670 norum,‚ad
370 632 478 662 actum
503 630 774 672 contemplativae3
799 631 929 662 habitus

149 686 258 716 autem
268 683 514 723 beatitudinum,
527 685 566 716 ad
577 685 798 726 perfectionem
809 685 930 716 utrius-

149 747 222 778 que.
238 737 376 770 Fructus
395 747 472 770 vero
488 737 635 780 Spiritus,
657 739 712 779 qui
732 741 807 770 sunt
823 741 831 757 ¹
853 738 928 770 cha-

150 793 248 832 ritas,
272 793 444 833 aaudium,
471 801 557 834 pax,
578 794 761 834 patientia,
783 793 931 833 lonqani-

150 849 266 887 micas,
295 848 440 887 bonitas,
468 848 666 888 benignitas,
697 847 929 885 mansuetudo,

152 901 253 941 fides,
275 902 449 941 modestia,
473 903 689 941 continentia,
707 903 857 940 castitas,
882 901 930 933 di-

153 958 229 987 cunt
249 955 472 988 delectationes
492 959 722 997 consequentes
742 965 839 996 opera
858 965 931 996 per-

153 1010 242 1041 fecta.
259 1009 377 1041 Sensus
391 1019 468 1041 vero
482 1010 662 1050 spirituales
681 1010 791 1040 dicunt
805 1018 934 1050 percep-

153 1063 256 1094 tiones
288 1063 446 1094 mentales
474 1063 556 1094 circa
588 1063 754 1094 veritatem
787 1065 933 1094 contem-

154 1116 324 1156 plandam:
344 1125 416 1157 quae
437 1117 564 1157 quidem
581 1117 807 1157 contemplatio
826 1117 887 1148 fuit
902 1117 936 1148 in

155 1171 318 1211 prophetis
334 1180 390 1211 per
404 1171 635 1202 revelationem
651 1173 810 1212 quantum
827 1171 865 1202 ad
881 1171 935 1202 tri-

155 1223 271 1264 plicem
291 1224 467 1263 visionem,
489 1224 605 1256 scilicet
620 1225 836 1265 corporalem,
853 1225 936 1255 ima-

158 1277 352 1316 ginativam,
371 1279 403 1308 et
424 1278 685 1317 intellectualem3
711 1278 746 1309 in
768 1278 839 1309 aliis
861 1287 938 1310 vero

154 1331 249 1371 justis
263 1332 421 1372 reperitur
441 1341 497 1372 per
512 1332 776 1373 speculationem,
798 1341 870 1373 quae
886 1332 938 1363 in-

159 1386 235 1426 cipit
250 1395 268 1417 a
283 1396 398 1426 sensu,
421 1389 452 1418 et
471 1387 618 1427 pervenit
637 1396 739 1427 usque
757 1387 797 1418 ad
819 1387 940 1426 imagi-

159 1440 338 1479 nationem,
357 1443 388 1472 et
411 1441 450 1472 de
469 1441 700 1481 imaginatione
715 1441 752 1472 ad
769 1441 938 1480 rationem,

161 1485 204 1525 de*
211 1494 333 1525 ratione
348 1495 387 1526 ad
403 1495 610 1535 intellectum,
628 1498 659 1526 et
673 1496 711 1527 de
726 1495 887 1527 intellectu
902 1495 940 1526 ad

161 1548 422 1588 intelligentiam,
442 1549 480 1580 de
502 1549 716 1588 intelligentia
735 1559 812 1581 vero
831 1550 870 1581 ad
891 1559 942 1580 sa-

161 1601 330 1641 pientiam,
356 1596 430 1634 sive‘
450 1603 596 1634 notitiam
624 1604 837 1641 excessivam,
869 1611 942 1643 quae

162 1655 274 1696 incipit
285 1656 337 1687 hic
350 1657 383 1687 in
396 1657 460 1696 via,
474 1657 528 1688 sed
539 1659 782 1689 consummatur
793 1657 826 1687 in
840 1656 944 1696 gloria

163 1711 367 1750 sempiterna.
388 1711 436 1742 Ex
459 1711 509 1741 his
532 1711 686 1751 gradibus
701 1711 843 1742 consistit
861 1711 944 1742 scala

164 1763 274 1803 Jacob,
299 1765 390 1805 cujus
415 1774 568 1796 cacumen
592 1765 722 1805 attingit
748 1764 886 1802 coelum,
914 1767 945 1795 et

165 1817 302 1849 thronus
326 1818 520 1857 Salomonis,
542 1819 576 1850 in
598 1829 661 1860 quo
678 1819 797 1850 residet
812 1819 879 1850 Rex
895 1828 945 1850 sa-

165 1872 395 1912 pientissimuS,
412 1875 442 1904 et
454 1882 530 1905 vere
543 1873 706 1913 pacificus,
719 1875 750 1904 et
764 1883 944 1912 amorosuS,

166 1929 201 1958 ut
225 1936 362 1968 sponsus
383 1928 650 1968 speciosissimus,
676 1929 707 1958 et
730 1928 946 1959 desiderabilis

167 1982 252 2012 totus
268 1982 299 2012 ²:
321 1983 357 2014 in
373 1990 463 2022 quem
483 1982 672 2014 desiderant
689 1983 797 2022 angele·
815 1983 944 2022 prospi-

168 2043 246 2074 cere,
263 2037 293 2066 et
307 2036 346 2066 ad
360 2045 456 2076 quem
472 2036 610 2076 suspirat
624 2035 816 2066 desiderium
827 2037 948 2066 sancta-

169 2098 241 2120 rum
258 2089 441 2120 animarum
457 2090 478 2128 ³,
496 2090 580 2121 sicut
593 2097 705 2121 cervus
723 2088 887 2121 desiderat
906 2089 949 2121 oct

169 2143 272 2181 fontes
289 2151 459 2183 aquarum.
478 2143 546 2180 Quo
567 2143 696 2183 quidem
712 2142 867 2174 desiderio
883 2143 948 2174 ser-

169 2196 356 2228 ventissimo
372 2197 410 2227 ad
425 2197 557 2227 modum
577 2197 680 2235 ignis,
696 2196 826 2236 spiritus
841 2198 949 2227 noster

170 2260 235 2282 non
250 2250 354 2281 solum
373 2250 510 2281 efficitur
528 2250 624 2289 agilis
640 2250 680 2281 ad
697 2259 877 2288 ascensum,
894 2259 950 2281 ve-

170 2314 244 2336 rum
259 2304 355 2336 etiam
370 2304 509 2344 quadam
530 2304 713 2343 ignorantia
728 2303 835 2342 docta,
852 2313 949 2344 supra

171 2368 204 2390 se
220 2358 328 2398 ipsum
346 2358 470 2398 rapitur
484 2358 518 2388 in
533 2357 704 2397 caliginem
724 2359 753 2388 et
769 2367 947 2397 excessum,

170 2415 207 2443 ut
225 2421 289 2443 non
308 2412 412 2443 solum
430 2421 503 2442 cum
519 2411 643 2452 Sponsa
664 2412 746 2443 dicat
760 2411 790 2443 ·”;
814 2412 853 2443 In
873 2412 947 2445 odo-

172 2475 237 2498 rem
261 2469 498 2508 unquentorum
529 2469 658 2498 tuorum
686 2474 846 2498 curremus
855 2478 867 2505 ,·
897 2468 951 2498 sed

173 2521 267 2551 etiam
287 2530 361 2552 cum
377 2520 536 2561 Propheta
551 2520 664 2560 psallat
728 2521 769 2553 Et
788 2529 856 2552 ηοω
872 2521 949 2552 ictu-

173 2575 310 2606 mz'natz'o
325 2583 394 2606 mea
405 2575 441 2606 in
455 2574 583 2606 deliciis
599 2575 689 2606 meis.
705 2573 806 2611 Quam
824 2577 950 2605 noctur-

174 2637 248 2659 nam
283 2630 314 2659 et
347 2629 528 2660 deliciosam
556 2628 822 2660 illuminationem
856 2638 950 2660 nemo

210 2708 322 2739 ¹GalaL,
337 2715 359 2738 ν,
374 2710 489 2733 22-23.—
528 2710 537 2733 1
551 2710 628 2736 Petr„
645 2716 686 2740 ιιι,
698 2711 775 2734 22.——
787 2712 797 2726 ³
811 2710 878 2735 Psul.
895 2717 949 2742 xm,

175 2747 198 2769 2.
212 2759 242 2763 —
252 2745 261 2761 k
273 2745 357 2776 Cane„
371 2751 388 2775 1,
399 2747 422 2769 3.
435 2758 465 2762 —-
477 2745 564 2769 ⁵Psal.
577 2751 708 2776 cxxxvni,
725 2748 763 2770 ll.

336 2798 411 2821 TOM.
434 2799 490 2821 vll.

1696 241 1754 271 305

977 305 1078 344 novit,
1094 305 1157 336 nisi
1171 305 1227 346 qui
1248 306 1376 346 probat;
1394 315 1488 338 nemo
1499 308 1608 338 autem
1623 306 1754 348 probat,

977 359 1040 391 nisi
1054 368 1112 400 per
1130 358 1268 399 gratiam
1287 359 1438 392 divinitus
1452 360 1574 401 datam,
1592 370 1666 402 quae
1680 361 1759 402 quia

979 413 1102 445 nemini
1116 413 1222 452 datur,
1234 412 1295 444 nisi
1307 413 1336 445 ei
1346 413 1402 455 qui
1415 423 1449 446 se
1459 416 1586 446 exercet
1599 415 1639 447 ad
1655 415 1756 455 illam,

980 466 1052 498 ideo
1078 467 1226 509 deinceps
1255 467 1483 500 consideranda
1508 471 1583 500 sunt
1607 469 1760 501 exercitia

980 520 1182 552 meritorum.

1237 624 1396 659 CAPUT
1427 626 1508 661 VII.

1045 711 1082 737 De
1101 711 1230 738 exercitio
1249 713 1345 745 qratioe
1363 714 1483 748 respectu
1501 713 1703 742 credendorum.

1027 794 1144 832 Quarto
1160 795 1261 835 igitur
1281 797 1379 828 restat
1392 797 1593 829 considerare
1612 797 1764 838 gratiam,

986 850 1145 889 quantum
1155 850 1194 881 ad
1207 849 1357 881 exercitia
1368 851 1570 883 meritorum.
1582 851 1671 883 Circa
1682 853 1768 893 quod

987 902 1217 934 consideranda
1231 905 1307 935 sunt
1325 906 1482 945 quatuor:
1504 905 1608 946 primo
1623 906 1662 937 de
1676 915 1770 937 exer-

988 955 1136 987 citatione
1163 957 1278 997 gratiae
1310 957 1345 989 in
1377 959 1559 998 credendis,
1590 960 1770 1000 cujusmodi

989 1011 1065 1041 sunt
1087 1010 1214 1042 articuli
1242 1011 1332 1051 fidei;
1360 1013 1499 1044 secundo
1522 1013 1557 1044 in
1577 1013 1768 1054 diligendis,

990 1064 1175 1104 quusmodi
1186 1067 1261 1096 sunt
1271 1065 1325 1096 illa
1336 1075 1410 1106 quae
1421 1069 1563 1107 spectant
1575 1068 1615 1098 ad
1625 1067 1771 1099 ordinem

992 1117 1165 1158 diligendi3
1185 1119 1280 1150 tertio
1302 1120 1335 1151 in
1357 1121 1568 1161 exequendis,
1592 1122 1773 1163 cujusmodi

992 1174 1069 1203 sunt
1086 1175 1244 1213 praecepta
1260 1173 1344 1214 Iegis
1364 1175 1484 1207 divinae
1491 1187 1499 1214 3
1521 1178 1635 1216 quarto
1650 1176 1685 1207 in
1700 1185 1774 1217 pos-

992 1225 1142 1265 tulandis,
1155 1227 1336 1267 cujusmodi
1347 1230 1422 1260 sunt
1436 1229 1602 1270 petitiones
1617 1229 1775 1261 Orationis

994 1279 1172 1312 dominicae.
1186 1281 1229 1313 De
1242 1282 1407 1314 credendis
1419 1285 1539 1323 autem,
1553 1284 1625 1315 haec
1639 1284 1777 1316 tenenda

995 1336 1085 1372 sunt,
1103 1334 1275 1374 quodlicet
1290 1346 1346 1377 per
1359 1337 1455 1369 fidem
1470 1338 1692 1379 astringamur
1707 1347 1776 1370 cre-

996 1387 1070 1418 dere
1087 1388 1242 1428 plurima‚
1260 1399 1334 1430 quae
1350 1392 1425 1422 sunt
1444 1389 1542 1432 supra
1556 1392 1732 1430 rationem,
1747 1393 1778 1423 et

998 1442 1190 1481 generaliter
1208 1444 1316 1474 omnia
1335 1453 1409 1484 quae
1424 1445 1629 1477 continentur
1646 1447 1677 1477 et
1696 1455 1778 1477 asse-

998 1497 1112 1526 runtur
1135 1496 1168 1527 in
1190 1506 1310 1529 canone
1331 1507 1430 1530 sacrae
1451 1499 1642 1540 Scripturae3
1660 1499 1779 1539 specia-

998 1548 1070 1581 liter
1084 1553 1192 1582 tamen
1206 1554 1237 1582 et
1252 1553 1381 1593 proprie
1397 1553 1522 1584 articuli
1537 1553 1611 1584 fidei
1629 1553 1780 1584 dicuntur

998 1603 1061 1641 illi,
1078 1604 1134 1644 qui
1155 1605 1357 1637 continentur
1376 1607 1409 1637 in
1425 1607 1505 1637 serie
1524 1606 1669 1647 Symboli
1688 1615 1780 1647 apos-

1000 1657 1100 1689 tolici:
1113 1658 1169 1698 qui
1181 1659 1312 1699 quidem
1324 1669 1389 1691 uno
1401 1660 1496 1692 modo
1510 1663 1586 1692 sunt
1598 1660 1780 1701 duodecim,

1001 1711 1027 1742 si
1042 1711 1200 1744 habeatur
1213 1717 1376 1754 respectus
1393 1714 1432 1746 ad
1449 1723 1502 1746 cos
1518 1714 1574 1755 qui
1590 1713 1782 1755 Symbolum

1001 1765 1183 1806 ediderunt,
1200 1767 1262 1798 alio
1277 1768 1372 1799 modo
1394 1769 1648 1809 quatuordecim,
1665 1769 1692 1800 si
1706 1777 1782 1800 con-

1002 1820 1196 1859 sideremus,
1220 1831 1292 1862 quae
1316 1823 1496 1854 radicaliter
1514 1825 1590 1855 sunt
1609 1823 1782 1861 credenda,

1001 1874 1155 1914 tanquam
1165 1876 1312 1906 omnium
1321 1876 1552 1908 credendorum
1561 1877 1782 1909 fundamenta.

1044 1927 1134 1959 Ratio
1153 1931 1261 1960 autem
1284 1930 1323 1960 ad
1346 1930 1593 1970 intelligentiam
1613 1931 1784 1972 praedieto-

1003 1990 1078 2012 rum
1094 1981 1164 2013 haec
1180 1984 1241 2014 est:
1259 1983 1334 2023 quia
1344 1992 1417 2015 cum
1430 1984 1574 2024 primum
1589 1985 1783 2025 principium

1004 2034 1037 2064 in
1059 2035 1163 2075 seipso
1185 2035 1225 2066 sit
1249 2045 1376 2067 summe
1400 2046 1517 2068 verum
1537 2040 1568 2069 et
1588 2038 1729 2077 bonum,
1751 2039 1785 2069 in

1005 2097 1100 2129 opere
1114 2098 1191 2121 vero
1206 2099 1265 2120 suo
1279 2090 1319 2120 sit
1334 2100 1460 2122 summe
1470 2092 1596 2132 justum
1613 2094 1644 2123 et
1657 2092 1783 2123 miseri-

1005 2151 1090 2180 cors;
1112 2145 1141 2173 et
1158 2153 1285 2175 summe
1300 2154 1376 2176 vero
1396 2145 1549 2176 debeatur
1568 2146 1663 2177 firma
1677 2154 1784 2177 assen-

1006 2196 1064 2234 sio,
1091 2205 1219 2228 summo
1247 2198 1331 2228 bono
1355 2198 1466 2229 fruens
1492 2199 1633 2238 dilectio,
1659 2208 1786 2230 summe

1002 2251 1090 2289 justo
1110 2250 1302 2281 universalis
1323 2251 1495 2291 subjectio,
1516 2261 1642 2284 summe
1657 2252 1786 2284 miseri-

1006 2303 1093 2333 cordi
1108 2303 1265 2334 fiducialis
1280 2305 1440 2336 invocatio
1450 2317 1458 2343 3
1476 2308 1506 2337 et
1521 2306 1627 2345 gratia
1645 2307 1686 2337 sit
1699 2307 1786 2338 ordi-

1006 2357 1115 2389 nativa
1128 2358 1246 2388 mentis
1263 2361 1380 2390 nostra}
1394 2359 1434 2390 ad
1447 2359 1545 2399 primi
1561 2360 1708 2400 principii
1723 2360 1787 2392 cul-

1006 2412 1114 2442 turam
1132 2411 1270 2442 debitam
1285 2423 1291 2442 :
1314 2412 1390 2443 binc
1406 2415 1468 2451 est,
1491 2413 1577 2453 quod
1592 2414 1660 2454 ipsa
1674 2414 1787 2454 dirigit

1007 2468 1037 2496 et
1052 2465 1180 2505 regulat
1194 2465 1234 2496 ad
1248 2465 1354 2496 debita
1367 2467 1397 2497 ct
1412 2466 1574 2498 meritoria
1588 2468 1741 2498 exercitia
1753 2468 1787 2498 in

1008 2519 1183 2557 credendis,
1200 2520 1356 2558 amandis,
1374 2520 1571 2560 exequendis
1584 2523 1615 2551 et
1627 2521 1787 2561 postulan-

1008 2573 1070 2611 dis,
1094 2573 1271 2604 secundum
1292 2573 1378 2614 quod
1399 2573 1535 2614 requirit
1554 2583 1683 2605 summa
1700 2575 1785 2605 veri-

1007 2629 1066 2666 tas,
1082 2627 1217 2666 bonitas,
1233 2627 1371 2667 justitia,
1389 2629 1419 2658 et
1435 2627 1652 2659 misericordia
1665 2628 1698 2658 in
1714 2627 1786 2658 Tri-

1007 2682 1104 2713 nitate
1133 2681 1235 2713 beata.
1270 2680 1429 2718 Quoniam
1457 2682 1558 2721 igitur
1586 2681 1712 2714 veritati
1739 2684 1788 2713 est

1008 2735 1213 2774 credendum,
1231 2737 1261 2766 et
1275 2735 1389 2775 maj0ri
1402 2735 1528 2767 veritati
1542 2735 1649 2775 magis
1662 2736 1710 2766 est
1721 2744 1787 2766 cre-

1585 2792 1624 2820 20

1809 1617 1902 1638 Articuli

1797 1650 1847 1670 fidei
1860 1656 1903 1676 quo

1816 1682 1882 1703 modo

1809 1714 1892 1735 duode-

1823 1746 1866 1766 cim
1873 1761 1878 1772 ,

1804 1784 1885 1804 quomo
1890 1790 1897 1794 -

1799 1809 1826 1829 do
1848 1815 1904 1836 qua-

1808 1841 1897 1862 tuorde-

1800 1872 1841 1892 cim
1846 1887 1851 1893 .
