2003 3037
60 768 135 788 Perso-

42 803 121 819 uarum

27 829 133 856 acceptio.

38 1892 135 1912 Consen-

29 1928 66 1943 sus
72 1923 132 1949 quid.

766 201 884 234 PART.
910 201 932 233 1.
958 201 1064 234 SECT.
1088 202 1141 234 Xl.

149 271 279 302 suratur
298 270 394 311 juxta
421 269 497 301 illud
527 268 699 302 Salvatoris
723 268 732 286 ¹
762 278 770 299 :
797 269 836 301 In
865 277 926 310 quo

142 322 273 362 judicio
278 324 523 364 judicaveritis,
534 322 779 363 judicabimini.
795 323 904 354 Glossa
916 333 923 354 ε

152 388 167 406 «ι
183 377 215 408 Si
228 386 325 418 quem
334 377 530 418 judicaveris
540 376 708 408 temerario
721 377 926 408 damnatione

148 432 275 471 veniali,
294 432 460 464 venialiter
469 431 728 463 condemnaberis
736 442 744 470 ;
758 431 783 462 si
796 432 926 463 damna-

149 485 233 517 tione
252 485 397 524 mortali,
423 484 600 516 mortaliter
619 485 890 516 condemnaberis.
907 496 921 514 n

148 539 187 571 Et
207 540 268 571 hoc
291 539 432 579 intellige
453 538 521 570 sine
544 539 741 579 praejudicio.
764 538 925 570 Judicium

149 593 354 634 suspicionis,
371 592 515 634 quandiu
539 594 649 624 manet
671 593 704 624 in
726 593 923 633 suspicione,

149 657 214 678 non
234 649 281 679 est
304 646 456 685 mortale,
478 646 539 677 nisi
563 647 671 678 veniat
691 647 723 677 in
745 647 926 678 assertionis

145 701 316 742 judicium.

189 753 278 786 Circa
299 763 508 795 personarum
529 755 743 794 acceptionem
759 755 925 786 attenden-

148 808 225 839 dum
244 810 290 839 est
303 810 463 848 quantum
477 808 516 839 ad
532 808 754 839 diffinitionem
765 833 772 846 ,
789 812 819 840 et
833 809 924 840 disre-
950 821 953 824 ⁴

148 863 285 894 rentiam
312 863 483 903 triplicem.
515 864 675 894 Difssnitui·
705 866 813 894 autem
845 864 889 895 sic
917 875 923 895 z

149 915 364 948 Personarum
379 918 519 957 acceptio
534 919 582 948 est
596 917 754 957 injustitia
770 927 834 958 qua
846 927 927 958 prae-

148 968 248 1000 fertur
282 977 417 1009 persona
451 977 594 1009 personae
634 971 763 1009 propter
797 978 926 1000 causam

148 1022 333 1053 indebitam⁴
351 1022 543 1053 Differentiae
567 1022 756 1062 acceptionis
773 1032 926 1063 persona-

149 1083 221 1105 rum
237 1078 313 1106 sunt
329 1077 401 1106 tres.
424 1075 494 1106 Una
515 1075 726 1107 committitur
748 1076 782 1106 in
797 1076 927 1107 honoris

148 1128 343 1160 exhibitione
357 1138 364 1167 ;
380 1129 418 1160 de
435 1138 499 1169 qua
513 1129 648 1160 Jacobus
663 1129 737 1160 dicit
751 1130 762 1146 ²
777 1139 784 1160 :
801 1130 927 1162 Fratres

149 1183 231 1220 mci,
258 1183 354 1215 nolite
381 1183 493 1215 habere
515 1182 614 1221 sidem
640 1184 716 1215 Jcsu
747 1183 867 1216 Christi
890 1185 927 1215 in

147 1245 358 1277 personarum
384 1238 572 1277 acceptione.
599 1237 669 1268 Alia
691 1239 737 1267 est
760 1238 794 1268 in
813 1238 927 1277 judieii

150 1291 355 1329 executione3
379 1292 417 1322 de
440 1301 504 1331 qua
525 1291 558 1321 in
584 1291 787 1322 Deuteromio
802 1291 812 1308 ³
832 1303 838 1322 :
858 1291 927 1324 Non

150 1346 287 1384 accipies
299 1353 468 1385 personam
491 1345 682 1384 injudicio.
706 1345 776 1376 Alia
797 1345 830 1376 in
853 1355 928 1386 pro-

151 1399 289 1430 motione
311 1400 349 1430 ad
374 1399 563 1438 dignitates,
587 1408 661 1439 quae
685 1392 884 1439 prohibetur*
894 1400 928 1430 in

150 1453 301 1484 electione
320 1453 437 1491 David,
453 1453 503 1484 cui
523 1462 589 1484 non
612 1453 753 1493 praetulit
775 1453 929 1484 Dominus

148 1507 263 1538 fratres
277 1515 353 1538 suos
372 1509 502 1547 propter
518 1507 628 1538 vultus
643 1507 926 1547 pulcqritudinem,

148 1569 206 1591 seu
220 1562 348 1601 propter
364 1560 566 1592 altitudinem
582 1562 724 1591 staturae.

420 1674 569 1708 SECTIO
593 1675 652 1708 XI.

183 1760 219 1786 De
240 1760 349 1794 peccato
373 1766 530 1790 consensus,
558 1762 582 1785 et
606 1759 639 1785 cle
662 1761 774 1793 peccato
797 1761 891 1785 contra

288 1804 475 1830 conscientiam
484 1823 493 1837 ,
509 1805 533 1830 et
547 1803 578 1830 cle
590 1803 782 1838 perplexitate.

189 1884 338 1924 Sequitur
352 1884 462 1915 videre
476 1883 514 1914 de
529 1885 656 1923 peccato
671 1892 854 1922 consensus,
871 1884 927 1913 ubi

149 1938 253 1978 primo
267 1938 443 1969 videndum
460 1939 508 1968 est
521 1937 559 1968 de
574 1937 643 1976 ipso
658 1946 831 1973 consensu,
849 1937 926 1977 quid

113 2021 116 2024 Δ
149 1994 212 2030 est3
238 1991 393 2030 secundo,
417 1991 455 2022 de
476 1992 604 2031 peccato
628 1993 739 2021 contra
764 1991 926 2021 conscien-

59 2582 118 2601 Con-

31 2611 129 2632 scientia.

147 2046 243 2083 tiam;
274 2045 386 2082 tertio,
418 2044 456 2075 de
483 2044 670 2075 differentiis
697 2044 923 2084 perplexitatis.

149 2098 328 2129 Consensns
340 2098 495 2128 diffinitur
505 2097 549 2128 sic
560 2108 566 2128 z
579 2097 756 2128 Consensus
769 2100 814 2128 est
826 2100 925 2128 nutus

149 2152 324 2182 voluntatis
338 2153 540 2190 spontaneus,
553 2150 605 2180 vel
617 2152 723 2180 motus
734 2151 833 2181 animi
846 2151 925 2181 liber

148 2206 209 2236 sui.
230 2205 352 2235 Etcum
367 2203 447 2234 nihil
467 2203 509 2233 ita
524 2203 565 2233 sit
586 2203 618 2232 in
637 2205 789 2242 potestate
804 2206 922 2242 nostra,

147 2260 227 2289 sicut
253 2257 448 2294 consentire,
473 2255 523 2286 vel
549 2255 734 2293 disscntire;
762 2256 836 2286 hinc
859 2259 922 2295 est,

146 2313 230 2352 quod
245 2311 487 2343 consummatur
502 2309 545 2339 ibi
559 2318 654 2339 omne
668 2311 843 2348 peccatum.
862 2309 924 2340 lni-

145 2367 243 2397 tiatur
252 2366 339 2397 enim
352 2365 386 2395 in
399 2363 604 2402 cogitatione,
621 2362 730 2393 crescit
744 2362 777 2392 in
792 2363 923 2394 delecta—

147 2421 242 2458 tione,
258 2419 424 2460 perficitnr
438 2426 517 2448 vero
533 2417 567 2446 in
579 2425 747 2447 consensu.

185 2474 233 2504 Ad
261 2472 508 2512 intelligentiam
520 2495 529 2509 ,
560 2480 623 2510 quo
652 2470 746 2501 modo
775 2473 923 2510 peccatur

146 2527 273 2567 quando
288 2526 397 2565 agitur
415 2527 527 2556 eontra
544 2524 788 2561 conscientiam,
812 2525 922 2555 multi-

146 2581 267 2620 plicitas
302 2580 500 2610 conscientiae
536 2578 723 2608 attendenda
753 2583 809 2608 est.
841 2578 919 2608 Con-

179 2664 183 2675 ¹
201 2661 303 2691 Matth„
320 2666 365 2690 vn,
379 2661 401 2683 2.
419 2673 446 2677 —
462 2660 472 2675 Ξ
485 2661 547 2690 Jac.y
565 2665 591 2687 ιι,
611 2661 630 2682 l.
647 2671 677 2676 -
692 2658 700 2671 ³
713 2658 796 2688 Dent„
815 2664 867 2688 xvr,
884 2660 919 2683 19.

145 2711 175 2716 —-
191 2698 200 2714 ⁴
220 2697 306 2725 Basil.,
320 2696 391 2720 hom.
414 2695 439 2718 in
457 2695 564 2726 princip.
584 2695 656 2718 Prov.
672 2707 701 2711 —
722 2695 732 2710 ⁵
748 2695 875 2725 Damaso„
892 2695 922 2718 (le

1702 212 1761 241 355

983 269 1113 310 seientia
1141 271 1228 302 enim
1257 281 1323 304 uno
1350 274 1446 306 modo
1474 275 1589 307 dicitur
1617 277 1762 317 superior

984 332 1057 363 pars
1076 324 1224 364 rationis,
1244 335 1342 366 quam
1363 327 1462 359 Grazci
1488 329 1683 369 synderesim
1704 341 1759 363 vo-

984 379 1065 416 cant,
1082 379 1113 408 et
1127 378 1212 418 apud
1225 388 1282 410 nos
1298 380 1434 411 scintilla
1448 383 1647 415 conscientiae
1659 387 1761 425 potest

983 430 1055 460 dici.
1080 431 1154 462 Haec
1175 432 1331 464 diffinitur
1351 443 1370 464 a
1395 433 1510 466 Basilio
1529 437 1573 467 sic
1590 439 1600 456 δ
1619 448 1626 468 :
1650 449 1664 467 «
1681 438 1762 470 Con-

983 483 1115 515 scientia
1133 487 1180 516 est
1202 488 1347 518 naturale
1363 488 1592 527 judicatorium
1609 491 1758 532 faciendi,

983 537 1034 569 vel
1055 547 1118 569 non
1136 539 1281 571 faciendi.
1305 551 1319 570 »
1339 541 1497 573 Differunt
1517 545 1626 576 tamen
1645 553 1760 577 secun-

983 591 1059 622 dum
1085 592 1243 624 rationem
1268 595 1463 634 synderesis,
1489 599 1520 628 et
1542 599 1759 631 conscientia:

983 654 1058 676 nam
1074 647 1252 686 synderesis
1262 650 1385 688 judicat
1398 650 1590 692 faciendum,
1608 654 1637 685 id
1654 657 1701 686 est
1716 655 1762 686 di-

984 707 1088 738 gnum
1103 700 1170 731 fieri
1180 713 1188 740 3
1206 703 1398 742 conscientia
1414 715 1490 737 vero
1505 707 1628 746 judicat
1647 708 1762 740 sacien-

983 751 1072 788 dum,
1086 753 1117 784 id
1132 756 1178 785 est
1193 755 1336 788 debitum
1352 758 1432 789 fieri.
1451 759 1521 790 Alio
1536 761 1631 792 modo
1645 761 1762 793 dicitur

983 807 1174 839 conscientia
1184 809 1312 841 habitus
1324 813 1479 844 naturalis
1489 814 1627 845 dictandi
1639 815 1760 846 bonum

983 860 1033 891 vel
1052 862 1186 901 malum,
1204 866 1234 895 et
1253 865 1297 895 sic
1317 866 1475 898 diffinitur
1489 878 1508 899 a
1523 868 1716 900 Damascene
1731 871 1759 901 ⁵:

988 925 1002 943 (ι
1016 914 1214 947 Conscientia
1229 920 1275 948 est
1289 919 1340 950 lex
1357 920 1535 952 intellectus
1550 923 1650 953 nostri
1665 926 1760 954 natu-

983 968 1075 1005 ralis,
1095 971 1240 1009 opposita
1258 972 1297 1012 (a)
1321 977 1467 1013 peccato:
1495 986 1509 1004 >³
1536 979 1566 1007 et
1583 977 1762 1008 secundum

983 1021 1058 1059 hoe,
1084 1024 1276 1056 conscientia
1291 1036 1459 1068 nunquam
1480 1032 1577 1061 errat.
1594 1029 1699 1062 Tertio
1719 1032 1764 1063 di-

984 1075 1066 1106 citur
1087 1079 1280 1110 conscientia
1297 1082 1405 1121 opinio
1426 1083 1535 1115 hahita
1557 1085 1594 1115 de
1615 1086 1761 1124 agendiS,

985 1130 1036 1160 vel
1051 1140 1115 1161 non
1130 1134 1279 1172 agendis,
1296 1135 1328 1165 id
1343 1138 1389 1166 est
1403 1137 1516 1168 debitis
1530 1138 1598 1169 fieri
1605 1163 1616 1178 ,
1632 1139 1683 1170 vel
1698 1149 1764 1171 non

985 1183 1053 1214 fieri
1065 1208 1072 1222 ,
1090 1186 1237 1218 formata.
1254 1188 1295 1218 De
1311 1198 1375 1229 qua
1391 1190 1564 1230 Apostolus
1579 1192 1607 1223 ⁶:
1626 1193 1763 1230 Quidam

984 1246 1055 1270 cum
1065 1242 1263 1274 conscientia
1276 1251 1374 1284 usque
1385 1253 1470 1277 nunc
1483 1246 1576 1285 idoli,
1589 1249 1685 1286 quasi
1695 1248 1764 1280 ido-

984 1293 1144 1334 lothytum
1157 1297 1365 1330 manducant.
1386 1299 1423 1330 Et
1437 1300 1511 1331 alibi
1523 1301 1551 1332 ⁷:
1570 1302 1664 1334 Omne
1679 1303 1765 1343 quod

984 1355 1045 1379 non
1061 1351 1109 1381 est
1130 1357 1170 1380 επ
1187 1350 1267 1390 side,
1289 1356 1454 1391 peccatum
1471 1358 1528 1386 est.
1553 1354 1680 1386 Glossa:
1702 1368 1716 1385 «
1733 1357 1765 1387 ld

984 1403 1045 1439 est,
1069 1411 1165 1433 omne
1179 1404 1264 1443 quod
1288 1407 1335 1436 est
1357 1409 1469 1437 contra
1492 1409 1728 1440 conscientiam.
1746 1421 1759 1438 r>

984 1454 1046 1486 Isto
1061 1457 1155 1487 tertio
1171 1458 1281 1497 modo,
1296 1461 1490 1491 conscientia
1506 1464 1553 1492 est
1566 1462 1696 1493 habitus
1712 1473 1762 1494 ac—

984 1509 1139 1548 quisitm,
1159 1511 1342 1551 frequenter
1362 1524 1516 1546 erroneus
1539 1516 1572 1546 in
1590 1517 1763 1556 judicando

984 1571 1051 1593 esse
1068 1563 1264 1602 faciendum,
1282 1567 1365 1605 quod
1382 1577 1446 1598 non
1465 1571 1512 1599 est
1527 1570 1718 1608 faciendum,
1735 1574 1765 1602 ct

985 1624 1001 1645 e
1013 1624 1177 1648 converso.
1190 1617 1297 1649 Potest
1309 1622 1416 1651 autem
1430 1621 1546 1653 dictare
1559 1623 1761 1662 conscientia,

983 1669 1076 1700 tertio
1091 1671 1186 1701 modo
1201 1671 1300 1710 dicta,
1321 1673 1441 1713 aliquid
1463 1676 1642 1706 secundum
1657 1677 1764 1716 legem

983 1721 1054 1760 Dei,
1078 1726 1193 1763 praeter
1214 1725 1322 1765 legem
1338 1726 1406 1765 Dei,
1425 1731 1535 1759 contra
1555 1729 1661 1768 legem
1685 1731 1739 1762 Dei
1755 1743 1761 1762 :

983 1778 1013 1806 et
1034 1779 1082 1807 est
1102 1777 1154 1808 hic
1176 1788 1282 1810 sermo
1308 1780 1346 1810 de
1370 1781 1539 1813 dictamine
1562 1785 1763 1816 conscientiae

984 1839 1040 1869 per
1054 1831 1185 1861 modum
1199 1834 1347 1873 praecepti
1364 1834 1429 1865 sive
1445 1836 1679 1875 prohibitionis,
1698 1848 1761 1869 non

984 1893 1039 1922 per
1054 1884 1186 1915 modum
1204 1885 1327 1915 consilii
1344 1886 1395 1916 vel
1412 1889 1636 1926 persuasionis.
1655 1890 1762 1922 Primo

983 1938 1077 1968 niodo
1093 1939 1285 1969 conscientia
1299 1939 1378 1979 ligat
1394 1941 1579 1981 simpliciter
1591 1945 1622 1974 et
1632 1945 1762 1976 univer-

981 1991 1098 2030 saliter,
1123 1992 1198 2031 quia
1220 1992 1288 2031 legi
1312 1993 1364 2023 Dei
1388 1995 1573 2034 concordat,
1599 2005 1664 2036 qua
1690 2007 1762 2029 con-

981 2045 1114 2075 scientia
1122 2046 1258 2076 ostendit
1267 2055 1335 2077 esse
1345 2047 1494 2086 ligatum.
1508 2048 1654 2081 Secundo
1667 2051 1761 2082 modo

981 2099 1170 2129 conscientia
1185 2099 1278 2138 ligat,
1301 2101 1444 2140 quandiu
1464 2105 1590 2133 manet:
1612 2104 1697 2135 unde
1716 2107 1761 2136 te-

981 2155 1074 2183 netur
1098 2153 1195 2183 homo
1220 2153 1271 2183 vel
1296 2162 1367 2183 eam
1388 2154 1561 2194 deponere,
1586 2157 1653 2195 vel,
1675 2159 1759 2197 quod

979 2206 1092 2243 dictat,
1123 2215 1218 2245 opere
1250 2206 1440 2246 adimplere;
1471 2211 1580 2248 utpote
1612 2210 1637 2240 si
1664 2211 1760 2242 dictat

979 2259 1178 2297 conscientia,
1205 2259 1289 2298 quod
1312 2259 1418 2290 levare
1440 2261 1593 2292 festucam
1615 2263 1653 2294 de
1675 2266 1759 2296 terra

979 2314 1026 2342 est
1053 2312 1265 2342 necessarium
1293 2313 1332 2343 ad
1356 2314 1502 2345 salutem.
1532 2315 1636 2347 Tertio
1663 2318 1759 2349 modo

979 2366 1169 2396 conscientia
1184 2375 1249 2396 non
1264 2366 1344 2405 ligat
1359 2367 1397 2397 ad
1413 2368 1610 2408 faciendum,
1625 2371 1676 2402 vel
1692 2381 1756 2402 non

978 2419 1174 2456 faciendum,
1196 2419 1250 2450 sed
1274 2420 1378 2459 potius
1397 2421 1436 2452 ad
1453 2431 1486 2452 se
1508 2422 1753 2463 deponendum:

978 2473 1053 2512 quia
1080 2482 1153 2503 cum
1177 2473 1249 2503 talis
1276 2475 1468 2506 conscientia
1493 2476 1533 2506 sit
1556 2486 1704 2517 erronea,
1726 2483 1756 2510 et

978 2535 1067 2556 error
1081 2526 1133 2557 ille
1151 2529 1312 2566 repugnet
1328 2528 1393 2567 legi
1414 2528 1549 2568 divinae,
1566 2533 1753 2570 nnc-essurio,

978 2610 1033 2633 Fid.
1058 2611 1117 2633 Orth
1136 2630 1139 2635 .
1166 2612 1207 2634 lib.
1226 2613 1266 2639 lv,
1289 2619 1310 2635 e.
1329 2618 1404 2637 xxiii.
1424 2627 1452 2631 —
1474 2619 1481 2626 ¹*
1503 2616 1508 2637 l
1530 2615 1598 2641 Corn,
1616 2622 1649 2639 vu
1686 2618 1696 2639 ῖ

979 2645 987 2661 7
1005 2647 1081 2676 Rom„
1099 2653 1150 2676 xlv,
1167 2650 1205 2670 23.

1009 2696 1042 2725 (a)
1059 2695 1118 2719 Coet.
1134 2696 1195 2719 edil.
1210 2697 1334 2726 apposita.

1801 2332 1847 2353 Con
1852 2344 1860 2348 -

1777 2363 1868 2384 scientia

1772 2401 1878 2417 erroueae.
