<?xml version="1.0" encoding="UTF-8"?>
<!DOCTYPE html PUBLIC "-//W3C//DTD XHTML 1.0 Transitional//EN"
    "http://www.w3.org/TR/xhtml1/DTD/xhtml1-transitional.dtd">
<html xmlns="http://www.w3.org/1999/xhtml" xml:lang="en" lang="en">
 <head>
  <title>
</title>
<meta http-equiv="Content-Type" content="text/html;charset=utf-8" />
  <meta name='ocr-system' content='tesseract 3.04.00' />
  <meta name='ocr-capabilities' content='ocr_page ocr_carea ocr_par ocr_line ocrx_word'/>
</head>
<body>
  <div class='ocr_page' id='page_1' title='image "./operaomniasixtiv07bonauoft/operaomniasixtiv07bonauoft_0302.png"; bbox 0 0 2003 3037; ppageno 0'>
   <div class='ocr_carea' id='block_1_1' title="bbox 215 205 301 236">
    <p class='ocr_par' dir='ltr' id='par_1_1' title="bbox 215 205 301 236">
     <span class='ocr_line' id='line_1_1' title="bbox 215 205 301 236; baseline -0.012 0"><span class='ocrx_word' id='word_1_1' title='bbox 215 222 216 225; x_wconf 64' lang='lat'><em>=</em></span> <span class='ocrx_word' id='word_1_2' title='bbox 241 205 301 236; x_wconf 78' lang='lat'><strong>268</strong></span> 
     </span>
    </p>
   </div>
   <div class='ocr_carea' id='block_1_2' title="bbox 116 765 217 824">
    <p class='ocr_par' dir='ltr' id='par_1_2' title="bbox 116 765 217 824">
     <span class='ocr_line' id='line_1_2' title="bbox 117 765 215 786; baseline -0.01 0"><span class='ocrx_word' id='word_1_3' title='bbox 117 765 215 786; x_wconf 73' lang='lat' dir='ltr'><strong>Hominis</strong></span> 
     </span>
     <span class='ocr_line' id='line_1_3' title="bbox 116 797 217 824; baseline 0.02 -7"><span class='ocrx_word' id='word_1_4' title='bbox 116 797 217 824; x_wconf 69' lang='lat' dir='ltr'><strong>dignitas.</strong></span> 
     </span>
    </p>
   </div>
   <div class='ocr_carea' id='block_1_3' title="bbox 223 270 1019 2739">
    <p class='ocr_par' dir='ltr' id='par_1_3' title="bbox 239 270 1018 365">
     <span class='ocr_line' id='line_1_4' title="bbox 240 270 1018 315; baseline 0.008 -15"><span class='ocrx_word' id='word_1_5' title='bbox 240 270 451 302; x_wconf 77' lang='lat' dir='ltr'><strong>mutationem</strong></span> <span class='ocrx_word' id='word_1_6' title='bbox 471 272 644 312; x_wconf 71' lang='lat' dir='ltr'><strong>perfectam</strong></span> <span class='ocrx_word' id='word_1_7' title='bbox 665 282 722 315; x_wconf 87' lang='lat' dir='ltr'><strong>per</strong></span> <span class='ocrx_word' id='word_1_8' title='bbox 744 273 1018 306; x_wconf 80' lang='lat' dir='ltr'><strong>immortalitatem</strong></span> 
     </span>
     <span class='ocr_line' id='line_1_5' title="bbox 239 325 438 365; baseline 0.01 -11"><span class='ocrx_word' id='word_1_9' title='bbox 239 325 438 365; x_wconf 86' lang='lat' dir='ltr'><strong>perpetuam.</strong></span> 
     </span>
    </p>

    <p class='ocr_par' dir='ltr' id='par_1_4' title="bbox 223 377 1019 2739">
     <span class='ocr_line' id='line_1_6' title="bbox 280 377 1019 424; baseline 0.009 -16"><span class='ocrx_word' id='word_1_10' title='bbox 280 377 370 409; x_wconf 85' lang='lat' dir='ltr'>Ratio</span> <span class='ocrx_word' id='word_1_11' title='bbox 391 380 500 410; x_wconf 88' lang='lat' dir='ltr'><strong>antem</strong></span> <span class='ocrx_word' id='word_1_12' title='bbox 518 379 559 411; x_wconf 85' lang='lat' dir='ltr'><strong>ad</strong></span> <span class='ocrx_word' id='word_1_13' title='bbox 583 380 831 422; x_wconf 75' lang='lat' dir='ltr'><strong>intelligentiam</strong></span> <span class='ocrx_word' id='word_1_14' title='bbox 855 383 1019 424; x_wconf 84' lang='lat' dir='ltr'><strong>praedicto-</strong></span> 
     </span>
     <span class='ocr_line' id='line_1_7' title="bbox 239 431 1018 477; baseline 0.008 -15"><span class='ocrx_word' id='word_1_15' title='bbox 239 439 313 462; x_wconf 89' lang='lat' dir='ltr'><strong>rum</strong></span> <span class='ocrx_word' id='word_1_16' title='bbox 327 431 398 463; x_wconf 84' lang='lat' dir='ltr'><strong>haec</strong></span> <span class='ocrx_word' id='word_1_17' title='bbox 411 435 476 464; x_wconf 83' lang='lat' dir='ltr'><strong>est:</strong></span> <span class='ocrx_word' id='word_1_18' title='bbox 488 434 566 474; x_wconf 89' lang='lat' dir='ltr'><strong>quia</strong></span> <span class='ocrx_word' id='word_1_19' title='bbox 578 444 653 466; x_wconf 89' lang='lat' dir='ltr'><strong>cum</strong></span> <span class='ocrx_word' id='word_1_20' title='bbox 668 436 810 476; x_wconf 84' lang='lat' dir='ltr'><strong>primum</strong></span> <span class='ocrx_word' id='word_1_21' title='bbox 825 436 1018 477; x_wconf 88' lang='lat' dir='ltr'><strong>principium</strong></span> 
     </span>
     <span class='ocr_line' id='line_1_8' title="bbox 239 485 1017 530; baseline 0.008 -15"><span class='ocrx_word' id='word_1_22' title='bbox 239 485 280 515; x_wconf 90' lang='lat' dir='ltr'><strong>sit</strong></span> <span class='ocrx_word' id='word_1_23' title='bbox 293 485 327 516; x_wconf 89' lang='lat' dir='ltr'><strong>in</strong></span> <span class='ocrx_word' id='word_1_24' title='bbox 340 485 545 525; x_wconf 89' lang='lat' dir='ltr'><strong>producendo</strong></span> <span class='ocrx_word' id='word_1_25' title='bbox 560 489 827 529; x_wconf 86' lang='lat' dir='ltr'><strong>potentissimum,</strong></span> <span class='ocrx_word' id='word_1_26' title='bbox 842 490 1017 530; x_wconf 87' lang='lat' dir='ltr'><strong>sapientis-</strong></span> 
     </span>
     <span class='ocr_line' id='line_1_9' title="bbox 238 538 1018 581; baseline 0.008 -12"><span class='ocrx_word' id='word_1_27' title='bbox 238 538 355 571; x_wconf 87' lang='lat' dir='ltr'><strong>simum</strong></span> <span class='ocrx_word' id='word_1_28' title='bbox 365 542 395 570; x_wconf 89' lang='lat' dir='ltr'><strong>et</strong></span> <span class='ocrx_word' id='word_1_29' title='bbox 406 540 577 581; x_wconf 86' lang='lat' dir='ltr'><strong>optimum,</strong></span> <span class='ocrx_word' id='word_1_30' title='bbox 591 544 623 573; x_wconf 89' lang='lat' dir='ltr'><strong>et</strong></span> <span class='ocrx_word' id='word_1_31' title='bbox 637 542 669 573; x_wconf 93' lang='lat' dir='ltr'><strong>in</strong></span> <span class='ocrx_word' id='word_1_32' title='bbox 686 543 838 574; x_wconf 89' lang='lat' dir='ltr'><strong>omnibus</strong></span> <span class='ocrx_word' id='word_1_33' title='bbox 852 543 1018 575; x_wconf 85' lang='lat' dir='ltr'><strong>effectibus</strong></span> 
     </span>
     <span class='ocr_line' id='line_1_10' title="bbox 238 592 1018 638; baseline 0.009 -16"><span class='ocrx_word' id='word_1_34' title='bbox 238 592 305 623; x_wconf 88' lang='lat' dir='ltr'><strong>suis</strong></span> <span class='ocrx_word' id='word_1_35' title='bbox 319 592 381 624; x_wconf 88' lang='lat' dir='ltr'><strong>hoc</strong></span> <span class='ocrx_word' id='word_1_36' title='bbox 404 593 512 634; x_wconf 87' lang='lat' dir='ltr'><strong>aliquo</strong></span> <span class='ocrx_word' id='word_1_37' title='bbox 535 595 630 627; x_wconf 92' lang='lat' dir='ltr'><strong>modo</strong></span> <span class='ocrx_word' id='word_1_38' title='bbox 646 597 836 636; x_wconf 80' lang='lat' dir='ltr'><strong>manifestet,</strong></span> <span class='ocrx_word' id='word_1_39' title='bbox 853 597 1018 638; x_wconf 84' lang='lat' dir='ltr'><strong>potissime</strong></span> 
     </span>
     <span class='ocr_line' id='line_1_11' title="bbox 237 646 1018 683; baseline 0.008 -6"><span class='ocrx_word' id='word_1_40' title='bbox 237 646 347 678; x_wconf 84' lang='lat' dir='ltr'><strong>debuit</strong></span> <span class='ocrx_word' id='word_1_41' title='bbox 367 647 426 678; x_wconf 88' lang='lat' dir='ltr'><strong>hoc</strong></span> <span class='ocrx_word' id='word_1_42' title='bbox 449 649 651 682; x_wconf 88' lang='lat' dir='ltr'><strong>manifestare</strong></span> <span class='ocrx_word' id='word_1_43' title='bbox 665 651 700 681; x_wconf 91' lang='lat' dir='ltr'><strong>in</strong></span> <span class='ocrx_word' id='word_1_44' title='bbox 722 651 835 682; x_wconf 88' lang='lat' dir='ltr'><strong>ultimo</strong></span> <span class='ocrx_word' id='word_1_45' title='bbox 855 651 972 683; x_wconf 85' lang='lat' dir='ltr'><strong>effectu</strong></span> <span class='ocrx_word' id='word_1_46' title='bbox 986 654 1018 683; x_wconf 88' lang='lat' dir='ltr'><strong>et</strong></span> 
     </span>
     <span class='ocr_line' id='line_1_12' title="bbox 237 700 1014 746; baseline 0.008 -15"><span class='ocrx_word' id='word_1_47' title='bbox 237 700 436 733; x_wconf 91' lang='lat' dir='ltr'><strong>nobilissimo</strong></span> <span class='ocrx_word' id='word_1_48' title='bbox 450 713 457 733; x_wconf 93' lang='lat'>:</span> <span class='ocrx_word' id='word_1_49' title='bbox 473 704 652 743; x_wconf 89' lang='lat' dir='ltr'><strong>cujusmodi</strong></span> <span class='ocrx_word' id='word_1_50' title='bbox 664 707 710 736; x_wconf 91' lang='lat' dir='ltr'><strong>est</strong></span> <span class='ocrx_word' id='word_1_51' title='bbox 724 705 833 744; x_wconf 80' lang='lat' dir='ltr'><strong>homo,</strong></span> <span class='ocrx_word' id='word_1_52' title='bbox 853 715 950 746; x_wconf 90' lang='lat' dir='ltr'><strong>quem</strong></span> <span class='ocrx_word' id='word_1_53' title='bbox 965 706 1014 737; x_wconf 92' lang='lat' dir='ltr'><strong>in-</strong></span> 
     </span>
     <span class='ocr_line' id='line_1_13' title="bbox 238 756 1016 798; baseline 0.006 -12"><span class='ocrx_word' id='word_1_54' title='bbox 238 756 286 786; x_wconf 88' lang='lat' dir='ltr'><strong>ter</strong></span> <span class='ocrx_word' id='word_1_55' title='bbox 299 757 429 787; x_wconf 85' lang='lat' dir='ltr'><strong>caeteras</strong></span> <span class='ocrx_word' id='word_1_56' title='bbox 443 759 606 788; x_wconf 86' lang='lat' dir='ltr'><strong>creaturas</strong></span> <span class='ocrx_word' id='word_1_57' title='bbox 621 759 772 798; x_wconf 82' lang='lat' dir='ltr'><strong>produxit</strong></span> <span class='ocrx_word' id='word_1_58' title='bbox 789 759 918 798; x_wconf 90' lang='lat' dir='ltr'><strong>ultimo,</strong></span> <span class='ocrx_word' id='word_1_59' title='bbox 935 762 970 791; x_wconf 92' lang='lat' dir='ltr'><strong>ut</strong></span> <span class='ocrx_word' id='word_1_60' title='bbox 985 760 1016 791; x_wconf 92' lang='lat' dir='ltr'><strong>in</strong></span> 
     </span>
     <span class='ocr_line' id='line_1_14' title="bbox 237 809 1017 852; baseline 0.006 -12"><span class='ocrx_word' id='word_1_61' title='bbox 237 809 299 840; x_wconf 87' lang='lat' dir='ltr'><strong>hoe</strong></span> <span class='ocrx_word' id='word_1_62' title='bbox 312 810 474 850; x_wconf 83' lang='lat' dir='ltr'><strong>potissime</strong></span> <span class='ocrx_word' id='word_1_63' title='bbox 488 814 654 852; x_wconf 80' lang='lat' dir='ltr'><strong>appareret</strong></span> <span class='ocrx_word' id='word_1_64' title='bbox 673 814 704 843; x_wconf 90' lang='lat' dir='ltr'><strong>et</strong></span> <span class='ocrx_word' id='word_1_65' title='bbox 719 813 874 845; x_wconf 79' lang='lat' dir='ltr'><strong>reluceret</strong></span> <span class='ocrx_word' id='word_1_66' title='bbox 888 813 1017 845; x_wconf 90' lang='lat' dir='ltr'><strong>divino-</strong></span> 
     </span>
     <span class='ocr_line' id='line_1_15' title="bbox 236 866 1013 907; baseline 0.006 -13"><span class='ocrx_word' id='word_1_67' title='bbox 236 873 309 894; x_wconf 88' lang='lat' dir='ltr'><strong>rum</strong></span> <span class='ocrx_word' id='word_1_68' title='bbox 324 873 458 905; x_wconf 90' lang='lat' dir='ltr'><strong>operum</strong></span> <span class='ocrx_word' id='word_1_69' title='bbox 474 866 718 898; x_wconf 82' lang='lat' dir='ltr'><strong>consummatio.</strong></span> <span class='ocrx_word' id='word_1_70' title='bbox 737 866 775 898; x_wconf 92' lang='lat' dir='ltr'><strong>Ut</strong></span> <span class='ocrx_word' id='word_1_71' title='bbox 790 867 892 907; x_wconf 83' lang='lat' dir='ltr'><strong>igitur</strong></span> <span class='ocrx_word' id='word_1_72' title='bbox 906 868 940 899; x_wconf 92' lang='lat' dir='ltr'><strong>in</strong></span> <span class='ocrx_word' id='word_1_73' title='bbox 957 868 1013 899; x_wconf 86' lang='lat' dir='ltr'><strong>ho-</strong></span> 
     </span>
     <span class='ocr_line' id='line_1_16' title="bbox 235 917 1016 961; baseline 0.008 -13"><span class='ocrx_word' id='word_1_74' title='bbox 235 917 322 949; x_wconf 90' lang='lat' dir='ltr'><strong>mine</strong></span> <span class='ocrx_word' id='word_1_75' title='bbox 337 919 590 950; x_wconf 81' lang='lat' dir='ltr'><strong>manifestaretur</strong></span> <span class='ocrx_word' id='word_1_76' title='bbox 607 919 661 951; x_wconf 88' lang='lat' dir='ltr'><strong>Dei</strong></span> <span class='ocrx_word' id='word_1_77' title='bbox 678 922 835 961; x_wconf 88' lang='lat' dir='ltr'><strong>potentia,</strong></span> <span class='ocrx_word' id='word_1_78' title='bbox 858 922 929 953; x_wconf 89' lang='lat' dir='ltr'><strong>ideo</strong></span> <span class='ocrx_word' id='word_1_79' title='bbox 943 923 1016 954; x_wconf 82' lang='lat' dir='ltr'><strong>fecit</strong></span> 
     </span>
     <span class='ocr_line' id='line_1_17' title="bbox 235 973 1016 1015; baseline 0.006 -13"><span class='ocrx_word' id='word_1_80' title='bbox 235 980 309 1002; x_wconf 89' lang='lat' dir='ltr'><strong>eum</strong></span> <span class='ocrx_word' id='word_1_81' title='bbox 321 982 360 1003; x_wconf 83' lang='lat' dir='ltr'><strong>ex</strong></span> <span class='ocrx_word' id='word_1_82' title='bbox 375 973 499 1004; x_wconf 87' lang='lat' dir='ltr'><strong>naturis</strong></span> <span class='ocrx_word' id='word_1_83' title='bbox 510 973 650 1005; x_wconf 78' lang='lat' dir='ltr'><strong>maxime</strong></span> <span class='ocrx_word' id='word_1_84' title='bbox 664 975 864 1014; x_wconf 77' lang='lat' dir='ltr'><strong>distantibuS,</strong></span> <span class='ocrx_word' id='word_1_85' title='bbox 883 977 1016 1015; x_wconf 82' lang='lat' dir='ltr'><strong>conjun-</strong></span> 
     </span>
     <span class='ocr_line' id='line_1_18' title="bbox 235 1025 1014 1069; baseline 0.006 -13"><span class='ocrx_word' id='word_1_86' title='bbox 235 1025 292 1056; x_wconf 90' lang='lat' dir='ltr'><strong>ctis</strong></span> <span class='ocrx_word' id='word_1_87' title='bbox 307 1026 341 1056; x_wconf 93' lang='lat' dir='ltr'><strong>in</strong></span> <span class='ocrx_word' id='word_1_88' title='bbox 357 1035 455 1057; x_wconf 84' lang='lat' dir='ltr'><strong>unam</strong></span> <span class='ocrx_word' id='word_1_89' title='bbox 475 1036 644 1067; x_wconf 87' lang='lat' dir='ltr'><strong>personam</strong></span> <span class='ocrx_word' id='word_1_90' title='bbox 663 1031 694 1059; x_wconf 87' lang='lat' dir='ltr'><strong>et</strong></span> <span class='ocrx_word' id='word_1_91' title='bbox 709 1031 856 1060; x_wconf 86' lang='lat' dir='ltr'><strong>naturam</strong></span> <span class='ocrx_word' id='word_1_92' title='bbox 874 1039 881 1060; x_wconf 91' lang='lat'>:</span> <span class='ocrx_word' id='word_1_93' title='bbox 904 1030 1014 1069; x_wconf 87' lang='lat' dir='ltr'><strong>cujus—</strong></span> 
     </span>
     <span class='ocr_line' id='line_1_19' title="bbox 237 1079 1011 1123; baseline 0.005 -13"><span class='ocrx_word' id='word_1_94' title='bbox 237 1079 322 1110; x_wconf 93' lang='lat' dir='ltr'><strong>modi</strong></span> <span class='ocrx_word' id='word_1_95' title='bbox 336 1082 411 1111; x_wconf 89' lang='lat' dir='ltr'><strong>sunt</strong></span> <span class='ocrx_word' id='word_1_96' title='bbox 430 1090 546 1121; x_wconf 91' lang='lat' dir='ltr'><strong>corpus</strong></span> <span class='ocrx_word' id='word_1_97' title='bbox 560 1083 590 1112; x_wconf 88' lang='lat' dir='ltr'><strong>et</strong></span> <span class='ocrx_word' id='word_1_98' title='bbox 604 1082 722 1120; x_wconf 87' lang='lat' dir='ltr'><strong>anima,</strong></span> <span class='ocrx_word' id='word_1_99' title='bbox 740 1092 880 1123; x_wconf 85' lang='lat' dir='ltr'><strong>quarum</strong></span> <span class='ocrx_word' id='word_1_100' title='bbox 896 1093 1011 1121; x_wconf 81' lang='lat' dir='ltr'><strong>uuum,</strong></span> 
     </span>
     <span class='ocr_line' id='line_1_20' title="bbox 235 1133 1013 1177; baseline 0.006 -14"><span class='ocrx_word' id='word_1_101' title='bbox 235 1133 352 1164; x_wconf 87' lang='lat' dir='ltr'><strong>scilicet</strong></span> <span class='ocrx_word' id='word_1_102' title='bbox 363 1143 488 1175; x_wconf 77' lang='lat' dir='ltr'><strong>coerS,</strong></span> <span class='ocrx_word' id='word_1_103' title='bbox 505 1137 551 1165; x_wconf 78' lang='lat' dir='ltr'><strong>est</strong></span> <span class='ocrx_word' id='word_1_104' title='bbox 566 1136 742 1167; x_wconf 84' lang='lat' dir='ltr'><strong>substantia</strong></span> <span class='ocrx_word' id='word_1_105' title='bbox 756 1146 923 1177; x_wconf 88' lang='lat' dir='ltr'><strong>corporea;</strong></span> <span class='ocrx_word' id='word_1_106' title='bbox 939 1137 1013 1168; x_wconf 85' lang='lat' dir='ltr'><strong>alte-</strong></span> 
     </span>
     <span class='ocr_line' id='line_1_21' title="bbox 235 1187 1014 1231; baseline 0.008 -15"><span class='ocrx_word' id='word_1_107' title='bbox 235 1195 309 1217; x_wconf 92' lang='lat' dir='ltr'><strong>rum</strong></span> <span class='ocrx_word' id='word_1_108' title='bbox 324 1195 411 1224; x_wconf 88' lang='lat' dir='ltr'><strong>vero,</strong></span> <span class='ocrx_word' id='word_1_109' title='bbox 423 1187 666 1227; x_wconf 83' lang='lat' dir='ltr'><strong>scilicetanima,</strong></span> <span class='ocrx_word' id='word_1_110' title='bbox 679 1190 856 1221; x_wconf 86' lang='lat' dir='ltr'><strong>substantia</strong></span> <span class='ocrx_word' id='word_1_111' title='bbox 867 1191 1014 1231; x_wconf 87' lang='lat' dir='ltr'><strong>spiritua-</strong></span> 
     </span>
     <span class='ocr_line' id='line_1_22' title="bbox 234 1241 1011 1285; baseline 0.006 -13"><span class='ocrx_word' id='word_1_112' title='bbox 234 1241 272 1272; x_wconf 91' lang='lat' dir='ltr'><strong>lis</strong></span> <span class='ocrx_word' id='word_1_113' title='bbox 280 1243 311 1272; x_wconf 90' lang='lat' dir='ltr'><strong>et</strong></span> <span class='ocrx_word' id='word_1_114' title='bbox 326 1242 523 1283; x_wconf 86' lang='lat' dir='ltr'><strong>incorporea,</strong></span> <span class='ocrx_word' id='word_1_115' title='bbox 536 1253 608 1284; x_wconf 79' lang='lat' dir='ltr'><strong>quae</strong></span> <span class='ocrx_word' id='word_1_116' title='bbox 624 1244 741 1275; x_wconf 87' lang='lat' dir='ltr'><strong>distant</strong></span> <span class='ocrx_word' id='word_1_117' title='bbox 756 1246 897 1276; x_wconf 79' lang='lat' dir='ltr'><strong>maxime</strong></span> <span class='ocrx_word' id='word_1_118' title='bbox 907 1246 940 1276; x_wconf 87' lang='lat' dir='ltr'><strong>in</strong></span> <span class='ocrx_word' id='word_1_119' title='bbox 954 1255 1011 1285; x_wconf 84' lang='lat' dir='ltr'><strong>ge-</strong></span> 
     </span>
     <span class='ocr_line' id='line_1_23' title="bbox 233 1296 1011 1330; baseline 0.006 -5"><span class='ocrx_word' id='word_1_120' title='bbox 233 1304 308 1326; x_wconf 89' lang='lat' dir='ltr'><strong>nere</strong></span> <span class='ocrx_word' id='word_1_121' title='bbox 316 1296 511 1327; x_wconf 77' lang='lat' dir='ltr'><strong>substantiae.</strong></span> <span class='ocrx_word' id='word_1_122' title='bbox 525 1296 563 1328; x_wconf 91' lang='lat' dir='ltr'><strong>Ut</strong></span> <span class='ocrx_word' id='word_1_123' title='bbox 574 1307 651 1328; x_wconf 89' lang='lat' dir='ltr'><strong>vero</strong></span> <span class='ocrx_word' id='word_1_124' title='bbox 660 1298 779 1329; x_wconf 81' lang='lat' dir='ltr'><strong>ibidem</strong></span> <span class='ocrx_word' id='word_1_125' title='bbox 796 1299 1011 1330; x_wconf 83' lang='lat' dir='ltr'><strong>manifestare-</strong></span> 
     </span>
     <span class='ocr_line' id='line_1_24' title="bbox 233 1349 1014 1394; baseline 0.008 -15"><span class='ocrx_word' id='word_1_126' title='bbox 233 1352 284 1380; x_wconf 88' lang='lat' dir='ltr'><strong>tur</strong></span> <span class='ocrx_word' id='word_1_127' title='bbox 295 1349 348 1380; x_wconf 89' lang='lat' dir='ltr'><strong>Dei</strong></span> <span class='ocrx_word' id='word_1_128' title='bbox 359 1350 525 1390; x_wconf 85' lang='lat' dir='ltr'><strong>sapientia,</strong></span> <span class='ocrx_word' id='word_1_129' title='bbox 542 1351 614 1382; x_wconf 82' lang='lat' dir='ltr'><strong>fecit</strong></span> <span class='ocrx_word' id='word_1_130' title='bbox 624 1351 685 1382; x_wconf 90' lang='lat' dir='ltr'><strong>tale</strong></span> <span class='ocrx_word' id='word_1_131' title='bbox 700 1361 827 1392; x_wconf 78' lang='lat' dir='ltr'><strong>corpus,</strong></span> <span class='ocrx_word' id='word_1_132' title='bbox 842 1353 927 1393; x_wconf 88' lang='lat' dir='ltr'><strong>quod</strong></span> <span class='ocrx_word' id='word_1_133' title='bbox 945 1363 1014 1394; x_wconf 91' lang='lat' dir='ltr'><strong>pro-</strong></span> 
     </span>
     <span class='ocr_line' id='line_1_25' title="bbox 230 1403 1010 1444; baseline 0.005 -10"><span class='ocrx_word' id='word_1_134' title='bbox 230 1403 410 1444; x_wconf 86' lang='lat' dir='ltr'><strong>portionem</strong></span> <span class='ocrx_word' id='word_1_135' title='bbox 434 1413 494 1434; x_wconf 85' lang='lat' dir='ltr'><strong>suo</strong></span> <span class='ocrx_word' id='word_1_136' title='bbox 516 1405 610 1435; x_wconf 89' lang='lat' dir='ltr'><strong>modo</strong></span> <span class='ocrx_word' id='word_1_137' title='bbox 636 1405 767 1436; x_wconf 87' lang='lat' dir='ltr'><strong>haberet</strong></span> <span class='ocrx_word' id='word_1_138' title='bbox 792 1407 830 1436; x_wconf 82' lang='lat' dir='ltr'><strong>ad</strong></span> <span class='ocrx_word' id='word_1_139' title='bbox 856 1408 1010 1438; x_wconf 83' lang='lat' dir='ltr'><strong>animam.</strong></span> 
     </span>
     <span class='ocr_line' id='line_1_26' title="bbox 231 1457 1011 1501; baseline 0.006 -14"><span class='ocrx_word' id='word_1_140' title='bbox 231 1457 390 1495; x_wconf 85' lang='lat' dir='ltr'><strong>Quoniam</strong></span> <span class='ocrx_word' id='word_1_141' title='bbox 406 1467 487 1497; x_wconf 86' lang='lat' dir='ltr'><strong>ergo</strong></span> <span class='ocrx_word' id='word_1_142' title='bbox 498 1467 613 1499; x_wconf 87' lang='lat' dir='ltr'><strong>corpus</strong></span> <span class='ocrx_word' id='word_1_143' title='bbox 623 1459 734 1489; x_wconf 83' lang='lat' dir='ltr'><strong>unitur</strong></span> <span class='ocrx_word' id='word_1_144' title='bbox 744 1460 862 1491; x_wconf 78' lang='lat' dir='ltr'><strong>animae</strong></span> <span class='ocrx_word' id='word_1_145' title='bbox 874 1464 909 1491; x_wconf 89' lang='lat' dir='ltr'><strong>ut</strong></span> <span class='ocrx_word' id='word_1_146' title='bbox 922 1463 1011 1501; x_wconf 82' lang='lat' dir='ltr'><strong>perti-</strong></span> 
     </span>
     <span class='ocr_line' id='line_1_27' title="bbox 230 1511 1010 1550; baseline 0.006 -9"><span class='ocrx_word' id='word_1_147' title='bbox 230 1511 323 1542; x_wconf 85' lang='lat' dir='ltr'><strong>cienti</strong></span> <span class='ocrx_word' id='word_1_148' title='bbox 338 1514 369 1542; x_wconf 89' lang='lat' dir='ltr'><strong>et</strong></span> <span class='ocrx_word' id='word_1_149' title='bbox 385 1512 536 1550; x_wconf 81' lang='lat' dir='ltr'><strong>moventi,</strong></span> <span class='ocrx_word' id='word_1_150' title='bbox 549 1513 628 1543; x_wconf 81' lang='lat' dir='ltr'><strong>etad</strong></span> <span class='ocrx_word' id='word_1_151' title='bbox 641 1513 868 1545; x_wconf 86' lang='lat' dir='ltr'><strong>beatitudinem</strong></span> <span class='ocrx_word' id='word_1_152' title='bbox 882 1524 1010 1546; x_wconf 78' lang='lat' dir='ltr'><strong>sursum</strong></span> 
     </span>
     <span class='ocr_line' id='line_1_28' title="bbox 230 1564 1010 1602; baseline 0.006 -8"><span class='ocrx_word' id='word_1_153' title='bbox 230 1565 383 1602; x_wconf 82' lang='lat' dir='ltr'><strong>tendenti,</strong></span> <span class='ocrx_word' id='word_1_154' title='bbox 397 1564 467 1595; x_wconf 87' lang='lat' dir='ltr'><strong>ideo</strong></span> <span class='ocrx_word' id='word_1_155' title='bbox 483 1568 517 1595; x_wconf 90' lang='lat' dir='ltr'><strong>ut</strong></span> <span class='ocrx_word' id='word_1_156' title='bbox 531 1566 784 1597; x_wconf 81' lang='lat' dir='ltr'><strong>conformaretur</strong></span> <span class='ocrx_word' id='word_1_157' title='bbox 799 1569 916 1599; x_wconf 76' lang='lat' dir='ltr'><strong>animae</strong></span> <span class='ocrx_word' id='word_1_158' title='bbox 932 1569 1010 1599; x_wconf 90' lang='lat' dir='ltr'><strong>vivi-</strong></span> 
     </span>
     <span class='ocr_line' id='line_1_29' title="bbox 230 1618 1010 1662; baseline 0.006 -14"><span class='ocrx_word' id='word_1_159' title='bbox 230 1618 348 1657; x_wconf 81' lang='lat' dir='ltr'><strong>ficanti,</strong></span> <span class='ocrx_word' id='word_1_160' title='bbox 366 1618 477 1649; x_wconf 86' lang='lat' dir='ltr'><strong>habuit</strong></span> <span class='ocrx_word' id='word_1_161' title='bbox 488 1620 743 1659; x_wconf 66' lang='lat' dir='ltr'><strong>complexionem</strong></span> <span class='ocrx_word' id='word_1_162' title='bbox 761 1622 934 1662; x_wconf 65' lang='lat' dir='ltr'><strong>zeqmdum,</strong></span> <span class='ocrx_word' id='word_1_163' title='bbox 948 1632 1010 1654; x_wconf 91' lang='lat' dir='ltr'><strong>non</strong></span> 
     </span>
     <span class='ocr_line' id='line_1_30' title="bbox 230 1672 1008 1715; baseline 0.006 -13"><span class='ocrx_word' id='word_1_164' title='bbox 230 1682 248 1702; x_wconf 91' lang='lat' dir='ltr'><strong>a</strong></span> <span class='ocrx_word' id='word_1_165' title='bbox 261 1672 400 1712; x_wconf 87' lang='lat' dir='ltr'><strong>pondere</strong></span> <span class='ocrx_word' id='word_1_166' title='bbox 416 1673 465 1703; x_wconf 85' lang='lat' dir='ltr'><strong>vel</strong></span> <span class='ocrx_word' id='word_1_167' title='bbox 482 1674 574 1711; x_wconf 80' lang='lat' dir='ltr'><strong>mole,</strong></span> <span class='ocrx_word' id='word_1_168' title='bbox 594 1674 646 1704; x_wconf 87' lang='lat' dir='ltr'><strong>sed</strong></span> <span class='ocrx_word' id='word_1_169' title='bbox 663 1675 703 1704; x_wconf 89' lang='lat' dir='ltr'><strong>ab</strong></span> <span class='ocrx_word' id='word_1_170' title='bbox 719 1676 898 1715; x_wconf 67' lang='lat' dir='ltr'><strong>zequalitate</strong></span> <span class='ocrx_word' id='word_1_171' title='bbox 915 1680 1008 1707; x_wconf 85' lang='lat' dir='ltr'><strong>natu-</strong></span> 
     </span>
     <span class='ocr_line' id='line_1_31' title="bbox 229 1725 1007 1767; baseline 0.006 -11"><span class='ocrx_word' id='word_1_172' title='bbox 229 1725 303 1756; x_wconf 75' lang='lat' dir='ltr'><strong>ralis</strong></span> <span class='ocrx_word' id='word_1_173' title='bbox 315 1727 460 1765; x_wconf 59' lang='lat' dir='ltr'><strong>justitiae,</strong></span> <span class='ocrx_word' id='word_1_174' title='bbox 479 1736 549 1766; x_wconf 60' lang='lat' dir='ltr'><strong>qua*</strong></span> <span class='ocrx_word' id='word_1_175' title='bbox 565 1728 703 1767; x_wconf 80' lang='lat' dir='ltr'><strong>disponit</strong></span> <span class='ocrx_word' id='word_1_176' title='bbox 719 1729 755 1759; x_wconf 84' lang='lat' dir='ltr'><strong>ad</strong></span> <span class='ocrx_word' id='word_1_177' title='bbox 775 1730 1007 1761; x_wconf 82' lang='lat' dir='ltr'><strong>nobilissimum</strong></span> 
     </span>
     <span class='ocr_line' id='line_1_32' title="bbox 231 1780 1005 1815; baseline 0.008 -6"><span class='ocrx_word' id='word_1_178' title='bbox 231 1780 363 1810; x_wconf 88' lang='lat' dir='ltr'><strong>modum</strong></span> <span class='ocrx_word' id='word_1_179' title='bbox 380 1780 464 1811; x_wconf 77' lang='lat' dir='ltr'><strong>vitae.</strong></span> <span class='ocrx_word' id='word_1_180' title='bbox 488 1780 527 1811; x_wconf 92' lang='lat' dir='ltr'><strong>Ut</strong></span> <span class='ocrx_word' id='word_1_181' title='bbox 545 1784 653 1812; x_wconf 86' lang='lat' dir='ltr'><strong>antem</strong></span> <span class='ocrx_word' id='word_1_182' title='bbox 669 1783 922 1814; x_wconf 69' lang='lat' dir='ltr'><strong>conformaretur</strong></span> <span class='ocrx_word' id='word_1_183' title='bbox 938 1794 1005 1815; x_wconf 89' lang='lat' dir='ltr'><strong>mo-</strong></span> 
     </span>
     <span class='ocr_line' id='line_1_33' title="bbox 229 1833 1009 1875; baseline 0.006 -12"><span class='ocrx_word' id='word_1_184' title='bbox 229 1833 317 1864; x_wconf 84' lang='lat' dir='ltr'><strong>venti</strong></span> <span class='ocrx_word' id='word_1_185' title='bbox 332 1842 388 1873; x_wconf 79' lang='lat' dir='ltr'><strong>per</strong></span> <span class='ocrx_word' id='word_1_186' title='bbox 403 1833 688 1865; x_wconf 78' lang='lat' dir='ltr'><strong>multiformitatem</strong></span> <span class='ocrx_word' id='word_1_187' title='bbox 707 1837 935 1875; x_wconf 80' lang='lat' dir='ltr'><strong>potentiarum,</strong></span> <span class='ocrx_word' id='word_1_188' title='bbox 954 1838 1009 1868; x_wconf 88' lang='lat' dir='ltr'><strong>ha-</strong></span> 
     </span>
     <span class='ocr_line' id='line_1_34' title="bbox 231 1888 1008 1929; baseline 0.005 -12"><span class='ocrx_word' id='word_1_189' title='bbox 231 1888 299 1918; x_wconf 88' lang='lat' dir='ltr'><strong>buit</strong></span> <span class='ocrx_word' id='word_1_190' title='bbox 338 1888 627 1919; x_wconf 80' lang='lat' dir='ltr'><strong>multiformitatem</strong></span> <span class='ocrx_word' id='word_1_191' title='bbox 670 1898 871 1929; x_wconf 81' lang='lat' dir='ltr'><strong>organorum</strong></span> <span class='ocrx_word' id='word_1_192' title='bbox 888 1915 896 1929; x_wconf 86' lang='lat'><em>‚</em></span> <span class='ocrx_word' id='word_1_193' title='bbox 935 1901 1008 1922; x_wconf 88' lang='lat' dir='ltr'><strong>cum</strong></span> 
     </span>
     <span class='ocr_line' id='line_1_35' title="bbox 229 1944 1010 1982; baseline 0.006 -11"><span class='ocrx_word' id='word_1_194' title='bbox 229 1951 358 1972; x_wconf 81' lang='lat' dir='ltr'><strong>summa</strong></span> <span class='ocrx_word' id='word_1_195' title='bbox 370 1946 545 1981; x_wconf 73' lang='lat' dir='ltr'><strong>venustate,</strong></span> <span class='ocrx_word' id='word_1_196' title='bbox 561 1946 591 1973; x_wconf 89' lang='lat' dir='ltr'><strong>et</strong></span> <span class='ocrx_word' id='word_1_197' title='bbox 606 1944 844 1982; x_wconf 65' lang='lat' dir='ltr'><strong>artificiositate,</strong></span> <span class='ocrx_word' id='word_1_198' title='bbox 861 1948 891 1976; x_wconf 89' lang='lat' dir='ltr'><strong>et</strong></span> <span class='ocrx_word' id='word_1_199' title='bbox 904 1945 1010 1976; x_wconf 83' lang='lat' dir='ltr'><strong>ducti-</strong></span> 
     </span>
     <span class='ocr_line' id='line_1_36' title="bbox 230 1995 1008 2039; baseline 0.006 -14"><span class='ocrx_word' id='word_1_200' title='bbox 230 1995 361 2032; x_wconf 84' lang='lat' dir='ltr'><strong>bilitate,</strong></span> <span class='ocrx_word' id='word_1_201' title='bbox 378 1995 459 2026; x_wconf 82' lang='lat' dir='ltr'><strong>sicut</strong></span> <span class='ocrx_word' id='word_1_202' title='bbox 475 1999 558 2036; x_wconf 85' lang='lat' dir='ltr'><strong>patet</strong></span> <span class='ocrx_word' id='word_1_203' title='bbox 576 1997 607 2027; x_wconf 94' lang='lat' dir='ltr'><strong>in</strong></span> <span class='ocrx_word' id='word_1_204' title='bbox 625 1998 702 2027; x_wconf 83' lang='lat' dir='ltr'><strong>facie</strong></span> <span class='ocrx_word' id='word_1_205' title='bbox 715 2001 745 2028; x_wconf 83' lang='lat' dir='ltr'><strong>et</strong></span> <span class='ocrx_word' id='word_1_206' title='bbox 761 1999 793 2028; x_wconf 91' lang='lat' dir='ltr'><strong>in</strong></span> <span class='ocrx_word' id='word_1_207' title='bbox 808 2008 919 2037; x_wconf 82' lang='lat' dir='ltr'><strong>manu,</strong></span> <span class='ocrx_word' id='word_1_208' title='bbox 935 2009 1008 2039; x_wconf 64' lang='lat' dir='ltr'><strong>quse</strong></span> 
     </span>
     <span class='ocr_line' id='line_1_37' title="bbox 229 2051 1006 2089; baseline 0.005 -10"><span class='ocrx_word' id='word_1_209' title='bbox 229 2051 275 2079; x_wconf 88' lang='lat' dir='ltr'><strong>est</strong></span> <span class='ocrx_word' id='word_1_210' title='bbox 285 2058 444 2088; x_wconf 84' lang='lat' dir='ltr'><strong>organum</strong></span> <span class='ocrx_word' id='word_1_211' title='bbox 460 2059 671 2089; x_wconf 81' lang='lat' dir='ltr'><strong>organorum.</strong></span> <span class='ocrx_word' id='word_1_212' title='bbox 697 2051 735 2082; x_wconf 85' lang='lat' dir='ltr'><strong>Ut</strong></span> <span class='ocrx_word' id='word_1_213' title='bbox 755 2055 862 2083; x_wconf 81' lang='lat' dir='ltr'><strong>autem</strong></span> <span class='ocrx_word' id='word_1_214' title='bbox 879 2054 1006 2083; x_wconf 86' lang='lat' dir='ltr'><strong>confor-</strong></span> 
     </span>
     <span class='ocr_line' id='line_1_38' title="bbox 229 2104 1006 2147; baseline 0.006 -14"><span class='ocrx_word' id='word_1_215' title='bbox 229 2106 371 2134; x_wconf 81' lang='lat' dir='ltr'><strong>maretur</strong></span> <span class='ocrx_word' id='word_1_216' title='bbox 386 2104 503 2135; x_wconf 82' lang='lat' dir='ltr'><strong>animae</strong></span> <span class='ocrx_word' id='word_1_217' title='bbox 520 2114 649 2135; x_wconf 91' lang='lat' dir='ltr'><strong>sursum</strong></span> <span class='ocrx_word' id='word_1_218' title='bbox 666 2106 807 2137; x_wconf 77' lang='lat' dir='ltr'><strong>tendenti</strong></span> <span class='ocrx_word' id='word_1_219' title='bbox 823 2107 861 2137; x_wconf 90' lang='lat' dir='ltr'><strong>ad</strong></span> <span class='ocrx_word' id='word_1_220' title='bbox 877 2107 1006 2147; x_wconf 80' lang='lat' dir='ltr'><strong>coelum,</strong></span> 
     </span>
     <span class='ocr_line' id='line_1_39' title="bbox 227 2157 1005 2198; baseline 0.006 -10"><span class='ocrx_word' id='word_1_221' title='bbox 227 2157 339 2189; x_wconf 83' lang='lat' dir='ltr'><strong>habuit</strong></span> <span class='ocrx_word' id='word_1_222' title='bbox 354 2158 575 2189; x_wconf 86' lang='lat' dir='ltr'><strong>rectitudinem</strong></span> <span class='ocrx_word' id='word_1_223' title='bbox 592 2162 735 2198; x_wconf 74' lang='lat' dir='ltr'><strong>staturae,</strong></span> <span class='ocrx_word' id='word_1_224' title='bbox 752 2163 782 2191; x_wconf 88' lang='lat' dir='ltr'><strong>et</strong></span> <span class='ocrx_word' id='word_1_225' title='bbox 796 2171 925 2192; x_wconf 80' lang='lat' dir='ltr'><strong>sursum</strong></span> <span class='ocrx_word' id='word_1_226' title='bbox 937 2172 1005 2193; x_wconf 81' lang='lat' dir='ltr'><strong>ere-</strong></span> 
     </span>
     <span class='ocr_line' id='line_1_40' title="bbox 227 2213 1006 2253; baseline 0.008 -12"><span class='ocrx_word' id='word_1_227' title='bbox 227 2215 313 2242; x_wconf 82' lang='lat' dir='ltr'><strong>ctum</strong></span> <span class='ocrx_word' id='word_1_228' title='bbox 330 2215 441 2252; x_wconf 83' lang='lat' dir='ltr'><strong>caput;</strong></span> <span class='ocrx_word' id='word_1_229' title='bbox 461 2215 495 2243; x_wconf 87' lang='lat' dir='ltr'><strong>ut</strong></span> <span class='ocrx_word' id='word_1_230' title='bbox 510 2213 554 2243; x_wconf 80' lang='lat' dir='ltr'><strong>sic</strong></span> <span class='ocrx_word' id='word_1_231' title='bbox 570 2214 743 2253; x_wconf 81' lang='lat' dir='ltr'><strong>corporalis</strong></span> <span class='ocrx_word' id='word_1_232' title='bbox 758 2215 912 2246; x_wconf 78' lang='lat' dir='ltr'><strong>rectitudo</strong></span> <span class='ocrx_word' id='word_1_233' title='bbox 927 2219 1006 2247; x_wconf 88' lang='lat' dir='ltr'><strong>atte-</strong></span> 
     </span>
     <span class='ocr_line' id='line_1_41' title="bbox 227 2266 1005 2306; baseline 0.008 -11"><span class='ocrx_word' id='word_1_234' title='bbox 227 2267 364 2296; x_wconf 76' lang='lat' dir='ltr'><strong>staretur</strong></span> <span class='ocrx_word' id='word_1_235' title='bbox 379 2266 557 2297; x_wconf 74' lang='lat' dir='ltr'><strong>rectitudini</strong></span> <span class='ocrx_word' id='word_1_236' title='bbox 572 2268 710 2298; x_wconf 77' lang='lat' dir='ltr'><strong>mentali.</strong></span> <span class='ocrx_word' id='word_1_237' title='bbox 732 2268 903 2306; x_wconf 74' lang='lat' dir='ltr'><strong>Postremo,</strong></span> <span class='ocrx_word' id='word_1_238' title='bbox 924 2273 958 2300; x_wconf 92' lang='lat' dir='ltr'><strong>nt</strong></span> <span class='ocrx_word' id='word_1_239' title='bbox 975 2271 1005 2301; x_wconf 91' lang='lat' dir='ltr'><strong>in</strong></span> 
     </span>
     <span class='ocr_line' id='line_1_42' title="bbox 228 2319 1004 2355; baseline 0.008 -7"><span class='ocrx_word' id='word_1_240' title='bbox 228 2319 358 2349; x_wconf 87' lang='lat' dir='ltr'><strong>homine</strong></span> <span class='ocrx_word' id='word_1_241' title='bbox 380 2320 637 2351; x_wconf 80' lang='lat' dir='ltr'><strong>manifestaretur</strong></span> <span class='ocrx_word' id='word_1_242' title='bbox 653 2322 705 2352; x_wconf 80' lang='lat' dir='ltr'><strong>Dei</strong></span> <span class='ocrx_word' id='word_1_243' title='bbox 721 2322 846 2353; x_wconf 82' lang='lat' dir='ltr'><strong>bonitas</strong></span> <span class='ocrx_word' id='word_1_244' title='bbox 861 2326 891 2353; x_wconf 90' lang='lat' dir='ltr'><strong>et</strong></span> <span class='ocrx_word' id='word_1_245' title='bbox 908 2324 1004 2355; x_wconf 87' lang='lat' dir='ltr'><strong>bene-</strong></span> 
     </span>
     <span class='ocr_line' id='line_1_43' title="bbox 228 2373 1005 2417; baseline 0.006 -14"><span class='ocrx_word' id='word_1_246' title='bbox 228 2373 382 2411; x_wconf 83' lang='lat' dir='ltr'><strong>volentia·,</strong></span> <span class='ocrx_word' id='word_1_247' title='bbox 401 2374 469 2405; x_wconf 83' lang='lat' dir='ltr'><strong>ideo</strong></span> <span class='ocrx_word' id='word_1_248' title='bbox 492 2374 563 2405; x_wconf 80' lang='lat' dir='ltr'><strong>feeit</strong></span> <span class='ocrx_word' id='word_1_249' title='bbox 586 2376 749 2406; x_wconf 71' lang='lat' dir='ltr'><strong>hominem</strong></span> <span class='ocrx_word' id='word_1_250' title='bbox 774 2378 893 2417; x_wconf 77' lang='lat' dir='ltr'><strong>absque</strong></span> <span class='ocrx_word' id='word_1_251' title='bbox 919 2379 1005 2408; x_wconf 81' lang='lat' dir='ltr'><strong>omni</strong></span> 
     </span>
     <span class='ocr_line' id='line_1_44' title="bbox 228 2427 1004 2470; baseline 0.008 -15"><span class='ocrx_word' id='word_1_252' title='bbox 228 2427 352 2456; x_wconf 77' lang='lat' dir='ltr'><strong>macula</strong></span> <span class='ocrx_word' id='word_1_253' title='bbox 366 2430 395 2457; x_wconf 81' lang='lat' dir='ltr'><strong>et</strong></span> <span class='ocrx_word' id='word_1_254' title='bbox 410 2428 518 2467; x_wconf 80' lang='lat' dir='ltr'><strong>culpa,</strong></span> <span class='ocrx_word' id='word_1_255' title='bbox 536 2431 565 2458; x_wconf 80' lang='lat' dir='ltr'><strong>et</strong></span> <span class='ocrx_word' id='word_1_256' title='bbox 579 2429 698 2468; x_wconf 81' lang='lat' dir='ltr'><strong>absque</strong></span> <span class='ocrx_word' id='word_1_257' title='bbox 714 2431 800 2460; x_wconf 86' lang='lat' dir='ltr'><strong>omni</strong></span> <span class='ocrx_word' id='word_1_258' title='bbox 816 2440 920 2470; x_wconf 80' lang='lat' dir='ltr'><strong>poena,</strong></span> <span class='ocrx_word' id='word_1_259' title='bbox 938 2432 1004 2461; x_wconf 86' lang='lat' dir='ltr'><strong>sive</strong></span> 
     </span>
     <span class='ocr_line' id='line_1_45' title="bbox 227 2480 1005 2525; baseline 0.009 -16"><span class='ocrx_word' id='word_1_260' title='bbox 227 2480 363 2510; x_wconf 86' lang='lat' dir='ltr'><strong>miseria.</strong></span> <span class='ocrx_word' id='word_1_261' title='bbox 389 2480 466 2510; x_wconf 73' lang='lat' dir='ltr'><strong>(lum</strong></span> <span class='ocrx_word' id='word_1_262' title='bbox 486 2481 572 2511; x_wconf 75' lang='lat' dir='ltr'><strong>enim</strong></span> <span class='ocrx_word' id='word_1_263' title='bbox 592 2483 732 2522; x_wconf 88' lang='lat' dir='ltr'><strong>primum</strong></span> <span class='ocrx_word' id='word_1_264' title='bbox 750 2484 939 2525; x_wconf 84' lang='lat' dir='ltr'><strong>principium</strong></span> <span class='ocrx_word' id='word_1_265' title='bbox 962 2486 1005 2515; x_wconf 87' lang='lat' dir='ltr'><strong>si-</strong></span> 
     </span>
     <span class='ocr_line' id='line_1_46' title="bbox 225 2533 1006 2578; baseline 0.008 -15"><span class='ocrx_word' id='word_1_266' title='bbox 225 2533 342 2563; x_wconf 80' lang='lat' dir='ltr'><strong>mulsit</strong></span> <span class='ocrx_word' id='word_1_267' title='bbox 357 2533 526 2572; x_wconf 81' lang='lat' dir='ltr'><strong>optimum,</strong></span> <span class='ocrx_word' id='word_1_268' title='bbox 541 2538 571 2565; x_wconf 87' lang='lat' dir='ltr'><strong>et</strong></span> <span class='ocrx_word' id='word_1_269' title='bbox 583 2536 820 2575; x_wconf 74' lang='lat' dir='ltr'><strong>jrrstissimum:</strong></span> <span class='ocrx_word' id='word_1_270' title='bbox 838 2539 912 2577; x_wconf 86' lang='lat' dir='ltr'><strong>quia</strong></span> <span class='ocrx_word' id='word_1_271' title='bbox 927 2539 1006 2578; x_wconf 76' lang='lat' dir='ltr'><strong>opti-</strong></span> 
     </span>
     <span class='ocr_line' id='line_1_47' title="bbox 226 2587 1005 2624; baseline 0.006 -7"><span class='ocrx_word' id='word_1_272' title='bbox 226 2596 334 2624; x_wconf 91' lang='lat' dir='ltr'><strong>mum,</strong></span> <span class='ocrx_word' id='word_1_273' title='bbox 352 2596 416 2617; x_wconf 89' lang='lat' dir='ltr'><strong>non</strong></span> <span class='ocrx_word' id='word_1_274' title='bbox 434 2587 542 2618; x_wconf 86' lang='lat' dir='ltr'><strong>debuit</strong></span> <span class='ocrx_word' id='word_1_275' title='bbox 567 2590 667 2620; x_wconf 83' lang='lat' dir='ltr'><strong>faeere</strong></span> <span class='ocrx_word' id='word_1_276' title='bbox 691 2590 855 2621; x_wconf 89' lang='lat' dir='ltr'><strong>hominem</strong></span> <span class='ocrx_word' id='word_1_277' title='bbox 872 2593 930 2621; x_wconf 86' lang='lat' dir='ltr'><strong>nisi</strong></span> <span class='ocrx_word' id='word_1_278' title='bbox 955 2594 1005 2623; x_wconf 88' lang='lat' dir='ltr'><strong>bo-</strong></span> 
     </span>
     <span class='ocr_line' id='line_1_48' title="bbox 225 2642 1001 2683; baseline 0.008 -13"><span class='ocrx_word' id='word_1_279' title='bbox 225 2650 324 2678; x_wconf 88' lang='lat' dir='ltr'><strong>num,</strong></span> <span class='ocrx_word' id='word_1_280' title='bbox 348 2649 384 2670; x_wconf 86' lang='lat' dir='ltr'><strong>ac</strong></span> <span class='ocrx_word' id='word_1_281' title='bbox 408 2649 463 2679; x_wconf 83' lang='lat' dir='ltr'><strong>per</strong></span> <span class='ocrx_word' id='word_1_282' title='bbox 485 2642 543 2671; x_wconf 76' lang='lat' dir='ltr'><strong>hoc</strong></span> <span class='ocrx_word' id='word_1_283' title='bbox 571 2643 773 2674; x_wconf 61' lang='lat' dir='ltr'><strong>innocentem</strong></span> <span class='ocrx_word' id='word_1_284' title='bbox 796 2647 827 2675; x_wconf 83' lang='lat' dir='ltr'><strong>et</strong></span> <span class='ocrx_word' id='word_1_285' title='bbox 861 2648 1001 2683; x_wconf 77' lang='lat' dir='ltr'><strong>reetum;</strong></span> 
     </span>
     <span class='ocr_line' id='line_1_49' title="bbox 223 2694 1002 2739; baseline 0.009 -16"><span class='ocrx_word' id='word_1_286' title='bbox 223 2694 298 2733; x_wconf 80' lang='lat' dir='ltr'><strong>quia</strong></span> <span class='ocrx_word' id='word_1_287' title='bbox 313 2702 390 2725; x_wconf 89' lang='lat' dir='ltr'><strong>vero</strong></span> <span class='ocrx_word' id='word_1_288' title='bbox 401 2695 628 2735; x_wconf 80' lang='lat' dir='ltr'><strong>justissimum,</strong></span> <span class='ocrx_word' id='word_1_289' title='bbox 647 2706 712 2728; x_wconf 89' lang='lat' dir='ltr'><strong>non</strong></span> <span class='ocrx_word' id='word_1_290' title='bbox 726 2697 837 2729; x_wconf 82' lang='lat' dir='ltr'><strong>debuit</strong></span> <span class='ocrx_word' id='word_1_291' title='bbox 856 2698 1002 2739; x_wconf 81' lang='lat' dir='ltr'><strong>infligere</strong></span> 
     </span>
    </p>
   </div>
   <div class='ocr_carea' id='block_1_4' title="bbox 824 205 1270 245">
    <p class='ocr_par' dir='ltr' id='par_1_5' title="bbox 824 205 1270 245">
     <span class='ocr_line' id='line_1_50' title="bbox 824 205 1270 245; baseline 0.002 -7"><span class='ocrx_word' id='word_1_292' title='bbox 824 205 1082 245; x_wconf 81' lang='lat' dir='ltr'>BREVILOQUH</span> <span class='ocrx_word' id='word_1_293' title='bbox 1105 206 1208 239; x_wconf 78' lang='lat' dir='ltr'>PARS</span> <span class='ocrx_word' id='word_1_294' title='bbox 1229 206 1270 240; x_wconf 89' lang='grc' dir='ltr'><strong>ΙΙ.</strong></span> 
     </span>
    </p>
   </div>
   <div class='ocr_carea' id='block_1_5' title="bbox 1068 274 1973 2038">
    <p class='ocr_par' dir='ltr' id='par_1_6' title="bbox 1073 274 1855 478">
     <span class='ocr_line' id='line_1_51' title="bbox 1073 274 1853 319; baseline 0.005 -13"><span class='ocrx_word' id='word_1_295' title='bbox 1073 282 1204 315; x_wconf 76' lang='lat' dir='ltr'><strong>poenam</strong></span> <span class='ocrx_word' id='word_1_296' title='bbox 1213 275 1254 314; x_wconf 89' lang='lat' dir='ltr'><strong>ei,</strong></span> <span class='ocrx_word' id='word_1_297' title='bbox 1270 275 1329 316; x_wconf 80' lang='lat' dir='ltr'><strong>qui</strong></span> <span class='ocrx_word' id='word_1_298' title='bbox 1342 274 1472 307; x_wconf 82' lang='lat' dir='ltr'><strong>nullum</strong></span> <span class='ocrx_word' id='word_1_299' title='bbox 1485 275 1619 308; x_wconf 87' lang='lat' dir='ltr'><strong>omnino</strong></span> <span class='ocrx_word' id='word_1_300' title='bbox 1633 275 1771 309; x_wconf 79' lang='lat' dir='ltr'><strong>habebat</strong></span> <span class='ocrx_word' id='word_1_301' title='bbox 1779 287 1853 319; x_wconf 84' lang='lat' dir='ltr'><strong>pec-</strong></span> 
     </span>
     <span class='ocr_line' id='line_1_52' title="bbox 1073 329 1855 369; baseline 0.004 -9"><span class='ocrx_word' id='word_1_302' title='bbox 1073 330 1183 360; x_wconf 83' lang='lat' dir='ltr'><strong>catum</strong></span> <span class='ocrx_word' id='word_1_303' title='bbox 1199 339 1207 360; x_wconf 73' lang='grc' dir='ltr'><strong><em>τ</em></strong></span> <span class='ocrx_word' id='word_1_304' title='bbox 1222 338 1259 360; x_wconf 86' lang='lat' dir='ltr'><strong>ac</strong></span> <span class='ocrx_word' id='word_1_305' title='bbox 1273 338 1330 369; x_wconf 88' lang='lat' dir='ltr'><strong>per</strong></span> <span class='ocrx_word' id='word_1_306' title='bbox 1352 329 1413 360; x_wconf 89' lang='lat' dir='ltr'><strong>hoc</strong></span> <span class='ocrx_word' id='word_1_307' title='bbox 1427 329 1475 360; x_wconf 90' lang='lat' dir='ltr'><strong>illi</strong></span> <span class='ocrx_word' id='word_1_308' title='bbox 1494 329 1612 361; x_wconf 83' lang='lat' dir='ltr'><strong>animae</strong></span> <span class='ocrx_word' id='word_1_309' title='bbox 1630 329 1779 362; x_wconf 77' lang='lat' dir='ltr'><strong>rationali</strong></span> <span class='ocrx_word' id='word_1_310' title='bbox 1792 331 1855 363; x_wconf 74' lang='lat' dir='ltr'><strong>tale</strong></span> 
     </span>
     <span class='ocr_line' id='line_1_53' title="bbox 1075 377 1854 424; baseline 0.004 -11"><span class='ocrx_word' id='word_1_311' title='bbox 1075 391 1191 423; x_wconf 86' lang='lat' dir='ltr'><strong>corpus</strong></span> <span class='ocrx_word' id='word_1_312' title='bbox 1203 383 1383 422; x_wconf 83' lang='lat' dir='ltr'><strong>constituit,</strong></span> <span class='ocrx_word' id='word_1_313' title='bbox 1399 382 1487 424; x_wconf 87' lang='lat' dir='ltr'><strong>quod</strong></span> <span class='ocrx_word' id='word_1_314' title='bbox 1500 383 1561 414; x_wconf 89' lang='lat' dir='ltr'><strong>sibi</strong></span> <span class='ocrx_word' id='word_1_315' title='bbox 1573 385 1656 414; x_wconf 89' lang='lat' dir='ltr'><strong>esset</strong></span> <span class='ocrx_word' id='word_1_316' title='bbox 1669 383 1715 414; x_wconf 84' lang='lat' dir='ltr'><strong>ita</strong></span> <span class='ocrx_word' id='word_1_317' title='bbox 1727 377 1854 416; x_wconf 80' lang='lat' dir='ltr'><strong>obtem-</strong></span> 
     </span>
     <span class='ocr_line' id='line_1_54' title="bbox 1074 437 1852 478; baseline 0.004 -11"><span class='ocrx_word' id='word_1_318' title='bbox 1074 445 1200 476; x_wconf 78' lang='lat' dir='ltr'><strong>peranS,</strong></span> <span class='ocrx_word' id='word_1_319' title='bbox 1220 439 1257 468; x_wconf 91' lang='lat' dir='ltr'><strong>ut</strong></span> <span class='ocrx_word' id='word_1_320' title='bbox 1269 437 1358 468; x_wconf 86' lang='lat' dir='ltr'><strong>nulla</strong></span> <span class='ocrx_word' id='word_1_321' title='bbox 1372 440 1455 468; x_wconf 86' lang='lat' dir='ltr'><strong>esset</strong></span> <span class='ocrx_word' id='word_1_322' title='bbox 1472 437 1507 468; x_wconf 93' lang='lat' dir='ltr'><strong>in</strong></span> <span class='ocrx_word' id='word_1_323' title='bbox 1527 446 1565 468; x_wconf 88' lang='lat' dir='ltr'><strong>eo</strong></span> <span class='ocrx_word' id='word_1_324' title='bbox 1577 446 1692 478; x_wconf 85' lang='lat' dir='ltr'><strong>pugna</strong></span> <span class='ocrx_word' id='word_1_325' title='bbox 1705 438 1852 470; x_wconf 85' lang='lat' dir='ltr'><strong>rebellio-</strong></span> 
     </span>
    </p>

    <p class='ocr_par' dir='ltr' id='par_1_7' title="bbox 1073 490 1855 694">
     <span class='ocr_line' id='line_1_55' title="bbox 1074 490 1855 531; baseline 0.004 -10"><span class='ocrx_word' id='word_1_326' title='bbox 1074 490 1138 529; x_wconf 92' lang='lat' dir='ltr'><strong>nis,</strong></span> <span class='ocrx_word' id='word_1_327' title='bbox 1153 490 1243 522; x_wconf 88' lang='lat' dir='ltr'><strong>nulla</strong></span> <span class='ocrx_word' id='word_1_328' title='bbox 1253 491 1394 531; x_wconf 87' lang='lat' dir='ltr'><strong>pronitas</strong></span> <span class='ocrx_word' id='word_1_329' title='bbox 1403 491 1554 530; x_wconf 89' lang='lat' dir='ltr'><strong>libidinis,</strong></span> <span class='ocrx_word' id='word_1_330' title='bbox 1565 491 1656 522; x_wconf 90' lang='lat' dir='ltr'><strong>nulla</strong></span> <span class='ocrx_word' id='word_1_331' title='bbox 1669 491 1855 525; x_wconf 88' lang='lat' dir='ltr'><strong>imminutio</strong></span> 
     </span>
     <span class='ocr_line' id='line_1_56' title="bbox 1073 544 1854 586; baseline 0.004 -11"><span class='ocrx_word' id='word_1_332' title='bbox 1073 544 1212 584; x_wconf 82' lang='lat' dir='ltr'><strong>vigoris,</strong></span> <span class='ocrx_word' id='word_1_333' title='bbox 1237 544 1327 576; x_wconf 86' lang='lat' dir='ltr'><strong>nulla</strong></span> <span class='ocrx_word' id='word_1_334' title='bbox 1349 546 1513 586; x_wconf 87' lang='lat' dir='ltr'><strong>corruptio</strong></span> <span class='ocrx_word' id='word_1_335' title='bbox 1536 545 1664 584; x_wconf 86' lang='lat' dir='ltr'><strong>mortis;</strong></span> <span class='ocrx_word' id='word_1_336' title='bbox 1684 545 1730 577; x_wconf 86' lang='lat' dir='ltr'><strong>ita</strong></span> <span class='ocrx_word' id='word_1_337' title='bbox 1755 546 1854 578; x_wconf 81' lang='lat' dir='ltr'><strong>etiam</strong></span> 
     </span>
     <span class='ocr_line' id='line_1_57' title="bbox 1073 599 1855 637; baseline 0.004 -8"><span class='ocrx_word' id='word_1_338' title='bbox 1073 600 1156 629; x_wconf 90' lang='lat' dir='ltr'><strong>esset</strong></span> <span class='ocrx_word' id='word_1_339' title='bbox 1170 599 1287 630; x_wconf 88' lang='lat' dir='ltr'><strong>animae</strong></span> <span class='ocrx_word' id='word_1_340' title='bbox 1305 600 1482 637; x_wconf 63' lang='lat' dir='ltr'><strong>conforme,</strong></span> <span class='ocrx_word' id='word_1_341' title='bbox 1504 602 1540 631; x_wconf 89' lang='lat' dir='ltr'><strong>ut</strong></span> <span class='ocrx_word' id='word_1_342' title='bbox 1562 599 1644 631; x_wconf 89' lang='lat' dir='ltr'><strong>sicut</strong></span> <span class='ocrx_word' id='word_1_343' title='bbox 1661 599 1771 631; x_wconf 83' lang='lat' dir='ltr'><strong>anima</strong></span> <span class='ocrx_word' id='word_1_344' title='bbox 1787 603 1855 633; x_wconf 88' lang='lat' dir='ltr'><strong>erat</strong></span> 
     </span>
     <span class='ocr_line' id='line_1_58' title="bbox 1073 653 1852 694; baseline 0.004 -11"><span class='ocrx_word' id='word_1_345' title='bbox 1073 653 1239 691; x_wconf 87' lang='lat' dir='ltr'><strong>innocens,</strong></span> <span class='ocrx_word' id='word_1_346' title='bbox 1251 654 1283 684; x_wconf 87' lang='lat' dir='ltr'><strong>et</strong></span> <span class='ocrx_word' id='word_1_347' title='bbox 1292 655 1399 684; x_wconf 82' lang='lat' dir='ltr'><strong>tamen</strong></span> <span class='ocrx_word' id='word_1_348' title='bbox 1412 656 1534 694; x_wconf 90' lang='lat' dir='ltr'><strong>poterat</strong></span> <span class='ocrx_word' id='word_1_349' title='bbox 1542 653 1655 685; x_wconf 83' lang='lat' dir='ltr'><strong>cadere</strong></span> <span class='ocrx_word' id='word_1_350' title='bbox 1666 654 1702 684; x_wconf 90' lang='lat' dir='ltr'><strong>in</strong></span> <span class='ocrx_word' id='word_1_351' title='bbox 1711 653 1852 694; x_wconf 87' lang='lat' dir='ltr'><strong>culpam,</strong></span> 
     </span>
    </p>

    <p class='ocr_par' dir='ltr' id='par_1_8' title="bbox 1073 706 1854 803">
     <span class='ocr_line' id='line_1_59' title="bbox 1073 706 1854 749; baseline 0.005 -12"><span class='ocrx_word' id='word_1_352' title='bbox 1073 706 1118 737; x_wconf 90' lang='lat' dir='ltr'><strong>sic</strong></span> <span class='ocrx_word' id='word_1_353' title='bbox 1133 715 1248 747; x_wconf 90' lang='lat' dir='ltr'><strong>corpus</strong></span> <span class='ocrx_word' id='word_1_354' title='bbox 1263 710 1345 738; x_wconf 85' lang='lat' dir='ltr'><strong>esset</strong></span> <span class='ocrx_word' id='word_1_355' title='bbox 1358 707 1563 748; x_wconf 87' lang='lat' dir='ltr'><strong>impassibile,</strong></span> <span class='ocrx_word' id='word_1_356' title='bbox 1579 710 1611 739; x_wconf 89' lang='lat' dir='ltr'><strong>et</strong></span> <span class='ocrx_word' id='word_1_357' title='bbox 1626 710 1733 739; x_wconf 86' lang='lat' dir='ltr'><strong>tamen</strong></span> <span class='ocrx_word' id='word_1_358' title='bbox 1749 711 1854 749; x_wconf 86' lang='lat' dir='ltr'><strong>posset</strong></span> 
     </span>
     <span class='ocr_line' id='line_1_60' title="bbox 1073 760 1851 803; baseline 0.004 -12"><span class='ocrx_word' id='word_1_359' title='bbox 1073 760 1185 791; x_wconf 86' lang='lat' dir='ltr'><strong>cadere</strong></span> <span class='ocrx_word' id='word_1_360' title='bbox 1208 760 1242 791; x_wconf 93' lang='lat' dir='ltr'><strong>in</strong></span> <span class='ocrx_word' id='word_1_361' title='bbox 1258 769 1408 801; x_wconf 82' lang='lat' dir='ltr'><strong>poenam:</strong></span> <span class='ocrx_word' id='word_1_362' title='bbox 1426 761 1496 792; x_wconf 90' lang='lat' dir='ltr'><strong>ideo</strong></span> <span class='ocrx_word' id='word_1_363' title='bbox 1516 764 1640 803; x_wconf 86' lang='lat' dir='ltr'><strong>poterat</strong></span> <span class='ocrx_word' id='word_1_364' title='bbox 1661 771 1728 793; x_wconf 90' lang='lat' dir='ltr'><strong>non</strong></span> <span class='ocrx_word' id='word_1_365' title='bbox 1748 763 1829 794; x_wconf 88' lang='lat' dir='ltr'><strong>mori</strong></span> <span class='ocrx_word' id='word_1_366' title='bbox 1841 786 1851 801; x_wconf 87' lang='lat'>‚</span> 
     </span>
    </p>

    <p class='ocr_par' dir='ltr' id='par_1_9' title="bbox 1072 815 1854 964">
     <span class='ocr_line' id='line_1_61' title="bbox 1072 815 1852 856; baseline 0.003 -10"><span class='ocrx_word' id='word_1_367' title='bbox 1072 817 1104 846; x_wconf 88' lang='lat' dir='ltr'><strong>et</strong></span> <span class='ocrx_word' id='word_1_368' title='bbox 1123 817 1244 855; x_wconf 86' lang='lat' dir='ltr'><strong>poterat</strong></span> <span class='ocrx_word' id='word_1_369' title='bbox 1267 816 1349 846; x_wconf 89' lang='lat' dir='ltr'><strong>mori</strong></span> <span class='ocrx_word' id='word_1_370' title='bbox 1373 826 1379 846; x_wconf 89' lang='lat'><strong>:</strong></span> <span class='ocrx_word' id='word_1_371' title='bbox 1407 817 1528 856; x_wconf 86' lang='lat' dir='ltr'><strong>poterat</strong></span> <span class='ocrx_word' id='word_1_372' title='bbox 1551 815 1669 847; x_wconf 87' lang='lat' dir='ltr'><strong>habere</strong></span> <span class='ocrx_word' id='word_1_373' title='bbox 1690 816 1852 848; x_wconf 83' lang='lat' dir='ltr'><strong>sufficien-</strong></span> 
     </span>
     <span class='ocr_line' id='line_1_62' title="bbox 1072 868 1854 910; baseline 0.004 -11"><span class='ocrx_word' id='word_1_374' title='bbox 1072 868 1162 907; x_wconf 87' lang='lat' dir='ltr'><strong>tiam,</strong></span> <span class='ocrx_word' id='word_1_375' title='bbox 1174 871 1205 900; x_wconf 90' lang='lat' dir='ltr'><strong>et</strong></span> <span class='ocrx_word' id='word_1_376' title='bbox 1221 871 1343 909; x_wconf 88' lang='lat' dir='ltr'><strong>poterat</strong></span> <span class='ocrx_word' id='word_1_377' title='bbox 1352 869 1471 900; x_wconf 87' lang='lat' dir='ltr'><strong>habere</strong></span> <span class='ocrx_word' id='word_1_378' title='bbox 1481 869 1692 909; x_wconf 82' lang='lat' dir='ltr'><strong>indigentiam</strong></span> <span class='ocrx_word' id='word_1_379' title='bbox 1707 879 1715 901; x_wconf 89' lang='lat'><strong>:</strong></span> <span class='ocrx_word' id='word_1_380' title='bbox 1732 872 1854 910; x_wconf 89' lang='lat' dir='ltr'><strong>poterat</strong></span> 
     </span>
     <span class='ocr_line' id='line_1_63' title="bbox 1073 923 1852 964; baseline 0.003 -11"><span class='ocrx_word' id='word_1_381' title='bbox 1073 923 1304 964; x_wconf 86' lang='lat' dir='ltr'><strong>obtemperare,</strong></span> <span class='ocrx_word' id='word_1_382' title='bbox 1326 927 1356 954; x_wconf 89' lang='lat' dir='ltr'><strong>et</strong></span> <span class='ocrx_word' id='word_1_383' title='bbox 1372 925 1496 964; x_wconf 87' lang='lat' dir='ltr'><strong>poterat</strong></span> <span class='ocrx_word' id='word_1_384' title='bbox 1509 923 1628 954; x_wconf 85' lang='lat' dir='ltr'><strong>habere</strong></span> <span class='ocrx_word' id='word_1_385' title='bbox 1644 923 1852 955; x_wconf 89' lang='lat' dir='ltr'><strong>rebellionem</strong></span> 
     </span>
    </p>

    <p class='ocr_par' dir='ltr' id='par_1_10' title="bbox 1072 977 1973 1223">
     <span class='ocr_line' id='line_1_64' title="bbox 1073 977 1964 1018; baseline 0.003 -12"><span class='ocrx_word' id='word_1_386' title='bbox 1073 979 1104 1006; x_wconf 87' lang='lat' dir='ltr'><strong>et</strong></span> <span class='ocrx_word' id='word_1_387' title='bbox 1117 985 1273 1016; x_wconf 81' lang='lat' dir='ltr'><strong>pugnam.</strong></span> <span class='ocrx_word' id='word_1_388' title='bbox 1292 977 1329 1008; x_wconf 85' lang='lat' dir='ltr'><strong>Et</strong></span> <span class='ocrx_word' id='word_1_389' title='bbox 1341 979 1506 1018; x_wconf 84' lang='lat' dir='ltr'><strong>propterea</strong></span> <span class='ocrx_word' id='word_1_390' title='bbox 1520 977 1552 1008; x_wconf 93' lang='lat' dir='ltr'><strong>in</strong></span> <span class='ocrx_word' id='word_1_391' title='bbox 1567 979 1651 1008; x_wconf 90' lang='lat' dir='ltr'><strong>statu</strong></span> <span class='ocrx_word' id='word_1_392' title='bbox 1664 977 1720 1008; x_wconf 89' lang='lat' dir='ltr'><strong>illo</strong></span> <span class='ocrx_word' id='word_1_393' title='bbox 1735 986 1852 1018; x_wconf 89' lang='lat' dir='ltr'><strong>corpus</strong></span> <span class='ocrx_word' id='word_1_394' title='bbox 1881 983 1964 1018; x_wconf 49' lang='lat' dir='ltr'><strong>Corra»</strong></span> 
     </span>
     <span class='ocr_line' id='line_1_65' title="bbox 1072 1015 1973 1072; baseline 0.002 -12"><span class='ocrx_word' id='word_1_395' title='bbox 1072 1032 1139 1060; x_wconf 84' lang='lat' dir='ltr'><strong>erat</strong></span> <span class='ocrx_word' id='word_1_396' title='bbox 1153 1030 1226 1068; x_wconf 86' lang='lat' dir='ltr'><strong>tale,</strong></span> <span class='ocrx_word' id='word_1_397' title='bbox 1245 1033 1281 1061; x_wconf 89' lang='lat' dir='ltr'><strong>ut</strong></span> <span class='ocrx_word' id='word_1_398' title='bbox 1295 1031 1334 1061; x_wconf 87' lang='lat' dir='ltr'><strong>ab</strong></span> <span class='ocrx_word' id='word_1_399' title='bbox 1348 1040 1385 1062; x_wconf 87' lang='lat' dir='ltr'><strong>eo</strong></span> <span class='ocrx_word' id='word_1_400' title='bbox 1400 1032 1490 1061; x_wconf 76' lang='lat' dir='ltr'><strong>tieret</strong></span> <span class='ocrx_word' id='word_1_401' title='bbox 1501 1031 1618 1062; x_wconf 88' lang='lat' dir='ltr'><strong>decisio</strong></span> <span class='ocrx_word' id='word_1_402' title='bbox 1634 1030 1798 1062; x_wconf 83' lang='lat' dir='ltr'><strong>seminalis</strong></span> <span class='ocrx_word' id='word_1_403' title='bbox 1811 1031 1851 1062; x_wconf 87' lang='lat' dir='ltr'><strong>ad</strong></span> <span class='ocrx_word' id='word_1_404' title='bbox 1866 1015 1973 1072; x_wconf 48' lang='lat' dir='ltr'><strong>J&#39;ffissmss</strong></span> 
     </span>
     <span class='ocr_line' id='line_1_66' title="bbox 1073 1077 1970 1129; baseline 0.001 -15"><span class='ocrx_word' id='word_1_405' title='bbox 1073 1084 1337 1124; x_wconf 84' lang='lat' dir='ltr'><strong>propagationem</strong></span> <span class='ocrx_word' id='word_1_406' title='bbox 1373 1085 1468 1124; x_wconf 82' lang='lat' dir='ltr'><strong>prolis</strong></span> <span class='ocrx_word' id='word_1_407' title='bbox 1478 1108 1487 1122; x_wconf 94' lang='lat'><em>‚</em></span> <span class='ocrx_word' id='word_1_408' title='bbox 1527 1092 1583 1124; x_wconf 90' lang='lat' dir='ltr'><strong>per</strong></span> <span class='ocrx_word' id='word_1_409' title='bbox 1618 1084 1849 1115; x_wconf 85' lang='lat' dir='ltr'><strong>adminiculum</strong></span> <span class='ocrx_word' id='word_1_410' title='bbox 1867 1077 1970 1129; x_wconf 42' lang='lat' dir='ltr'><strong>52:2¹„ssss</strong></span> 
     </span>
     <span class='ocr_line' id='line_1_67' title="bbox 1072 1138 1951 1188; baseline 0.001 -20"><span class='ocrx_word' id='word_1_411' title='bbox 1072 1138 1168 1168; x_wconf 79' lang='lat' dir='ltr'><strong>sexus</strong></span> <span class='ocrx_word' id='word_1_412' title='bbox 1181 1138 1355 1176; x_wconf 76' lang='lat' dir='ltr'><strong>muliebris,</strong></span> <span class='ocrx_word' id='word_1_413' title='bbox 1368 1138 1486 1178; x_wconf 82' lang='lat' dir='ltr'><strong>pariter</strong></span> <span class='ocrx_word' id='word_1_414' title='bbox 1498 1140 1530 1169; x_wconf 91' lang='lat' dir='ltr'><strong>et</strong></span> <span class='ocrx_word' id='word_1_415' title='bbox 1539 1138 1831 1178; x_wconf 87' lang='lat' dir='ltr'><strong>comprincipiantis</strong></span> <span class='ocrx_word' id='word_1_416' title='bbox 1841 1149 1848 1176; x_wconf 89' lang='lat'><strong>;</strong></span> <span class='ocrx_word' id='word_1_417' title='bbox 1860 1181 1868 1188; x_wconf 46' lang='grc'><em>·</em></span> <span class='ocrx_word' id='word_1_418' title='bbox 1887 1142 1951 1161; x_wconf 62' lang='lat' dir='ltr'><strong>esset·</strong></span> 
     </span>
     <span class='ocr_line' id='line_1_68' title="bbox 1072 1191 1848 1223; baseline 0.001 -1"><span class='ocrx_word' id='word_1_419' title='bbox 1072 1192 1161 1222; x_wconf 83' lang='lat' dir='ltr'><strong>fieret</strong></span> <span class='ocrx_word' id='word_1_420' title='bbox 1175 1192 1272 1222; x_wconf 85' lang='lat' dir='ltr'><strong>etiam</strong></span> <span class='ocrx_word' id='word_1_421' title='bbox 1287 1192 1434 1223; x_wconf 90' lang='lat' dir='ltr'><strong>humoris</strong></span> <span class='ocrx_word' id='word_1_422' title='bbox 1449 1191 1684 1223; x_wconf 86' lang='lat' dir='ltr'><strong>nutrimentalis</strong></span> <span class='ocrx_word' id='word_1_423' title='bbox 1698 1201 1848 1223; x_wconf 86' lang='lat' dir='ltr'><strong>consum-</strong></span> 
     </span>
    </p>

    <p class='ocr_par' dir='ltr' id='par_1_11' title="bbox 1071 1244 1851 1285">
     <span class='ocr_line' id='line_1_69' title="bbox 1071 1244 1851 1285; baseline 0 -9"><span class='ocrx_word' id='word_1_424' title='bbox 1071 1245 1148 1285; x_wconf 83' lang='lat' dir='ltr'><strong>ptio,</strong></span> <span class='ocrx_word' id='word_1_425' title='bbox 1168 1255 1224 1285; x_wconf 86' lang='lat' dir='ltr'><strong>per</strong></span> <span class='ocrx_word' id='word_1_426' title='bbox 1245 1246 1405 1276; x_wconf 87' lang='lat' dir='ltr'><strong>actionem</strong></span> <span class='ocrx_word' id='word_1_427' title='bbox 1425 1245 1554 1283; x_wconf 84' lang='lat' dir='ltr'><strong>caloris3</strong></span> <span class='ocrx_word' id='word_1_428' title='bbox 1571 1245 1662 1276; x_wconf 85' lang='lat' dir='ltr'><strong>fieret</strong></span> <span class='ocrx_word' id='word_1_429' title='bbox 1683 1244 1851 1276; x_wconf 87' lang='lat' dir='ltr'><strong>nihilomi-</strong></span> 
     </span>
    </p>

    <p class='ocr_par' dir='ltr' id='par_1_12' title="bbox 1070 1298 1852 1393">
     <span class='ocr_line' id='line_1_70' title="bbox 1071 1298 1852 1339; baseline 0.003 -11"><span class='ocrx_word' id='word_1_430' title='bbox 1071 1308 1132 1328; x_wconf 87' lang='lat' dir='ltr'><strong>nus</strong></span> <span class='ocrx_word' id='word_1_431' title='bbox 1148 1299 1336 1329; x_wconf 87' lang='lat' dir='ltr'><strong>restauratio</strong></span> <span class='ocrx_word' id='word_1_432' title='bbox 1348 1308 1404 1339; x_wconf 88' lang='lat' dir='ltr'><strong>per</strong></span> <span class='ocrx_word' id='word_1_433' title='bbox 1415 1298 1604 1329; x_wconf 87' lang='lat' dir='ltr'><strong>alimentum</strong></span> <span class='ocrx_word' id='word_1_434' title='bbox 1618 1298 1783 1338; x_wconf 86' lang='lat' dir='ltr'><strong>lignorum</strong></span> <span class='ocrx_word' id='word_1_435' title='bbox 1799 1307 1852 1339; x_wconf 82' lang='lat' dir='ltr'><strong>pa-</strong></span> 
     </span>
     <span class='ocr_line' id='line_1_71' title="bbox 1070 1352 1851 1393; baseline 0.003 -12"><span class='ocrx_word' id='word_1_436' title='bbox 1070 1352 1176 1389; x_wconf 81' lang='lat' dir='ltr'><strong>radisi,</strong></span> <span class='ocrx_word' id='word_1_437' title='bbox 1190 1355 1367 1384; x_wconf 86' lang='lat' dir='ltr'><strong>restaurato</strong></span> <span class='ocrx_word' id='word_1_438' title='bbox 1378 1362 1435 1384; x_wconf 86' lang='lat' dir='ltr'><strong>seu</strong></span> <span class='ocrx_word' id='word_1_439' title='bbox 1446 1355 1640 1393; x_wconf 84' lang='lat' dir='ltr'><strong>praeservato</strong></span> <span class='ocrx_word' id='word_1_440' title='bbox 1657 1361 1713 1392; x_wconf 87' lang='lat' dir='ltr'><strong>per</strong></span> <span class='ocrx_word' id='word_1_441' title='bbox 1721 1352 1851 1392; x_wconf 84' lang='lat' dir='ltr'><strong>lignum</strong></span> 
     </span>
    </p>

    <p class='ocr_par' dir='ltr' id='par_1_13' title="bbox 1071 1407 1851 1448">
     <span class='ocr_line' id='line_1_72' title="bbox 1071 1407 1851 1448; baseline 0.004 -12"><span class='ocrx_word' id='word_1_442' title='bbox 1071 1407 1145 1437; x_wconf 86' lang='lat' dir='ltr'><strong>vitae</strong></span> <span class='ocrx_word' id='word_1_443' title='bbox 1161 1407 1294 1438; x_wconf 90' lang='lat' dir='ltr'><strong>humido</strong></span> <span class='ocrx_word' id='word_1_444' title='bbox 1310 1408 1463 1438; x_wconf 66' lang='lat' dir='ltr'><strong>radicali:</strong></span> <span class='ocrx_word' id='word_1_445' title='bbox 1479 1407 1563 1448; x_wconf 83' lang='lat' dir='ltr'><strong>quod</strong></span> <span class='ocrx_word' id='word_1_446' title='bbox 1579 1407 1708 1448; x_wconf 87' lang='lat' dir='ltr'><strong>quidem</strong></span> <span class='ocrx_word' id='word_1_447' title='bbox 1719 1407 1851 1447; x_wconf 84' lang='lat' dir='ltr'><strong>lignum</strong></span> 
     </span>
    </p>

    <p class='ocr_par' dir='ltr' id='par_1_14' title="bbox 1069 1461 1850 1608">
     <span class='ocr_line' id='line_1_73' title="bbox 1071 1461 1850 1500; baseline 0.001 -9"><span class='ocrx_word' id='word_1_448' title='bbox 1071 1461 1153 1491; x_wconf 89' lang='lat' dir='ltr'><strong>hane</strong></span> <span class='ocrx_word' id='word_1_449' title='bbox 1169 1461 1320 1492; x_wconf 88' lang='lat' dir='ltr'><strong>virtutem</strong></span> <span class='ocrx_word' id='word_1_450' title='bbox 1332 1462 1456 1499; x_wconf 89' lang='lat' dir='ltr'><strong>habuit,</strong></span> <span class='ocrx_word' id='word_1_451' title='bbox 1473 1461 1514 1491; x_wconf 85' lang='lat' dir='ltr'><strong>ob</strong></span> <span class='ocrx_word' id='word_1_452' title='bbox 1525 1470 1635 1500; x_wconf 80' lang='lat' dir='ltr'><strong>quam,</strong></span> <span class='ocrx_word' id='word_1_453' title='bbox 1651 1463 1688 1492; x_wconf 94' lang='lat' dir='ltr'><strong>ut</strong></span> <span class='ocrx_word' id='word_1_454' title='bbox 1701 1461 1775 1492; x_wconf 86' lang='lat' dir='ltr'><strong>dicit</strong></span> <span class='ocrx_word' id='word_1_455' title='bbox 1787 1461 1850 1492; x_wconf 81' lang='lat' dir='ltr'><strong>Au-</strong></span> 
     </span>
     <span class='ocr_line' id='line_1_74' title="bbox 1072 1515 1850 1554; baseline 0.001 -9"><span class='ocrx_word' id='word_1_456' title='bbox 1072 1515 1224 1554; x_wconf 85' lang='lat' dir='ltr'><strong>gustinus</strong></span> <span class='ocrx_word' id='word_1_457' title='bbox 1235 1519 1255 1550; x_wconf 85' lang='lat'><strong>¹,</strong></span> <span class='ocrx_word' id='word_1_458' title='bbox 1272 1515 1330 1545; x_wconf 87' lang='lat' dir='ltr'><strong>fuit</strong></span> <span class='ocrx_word' id='word_1_459' title='bbox 1348 1525 1412 1545; x_wconf 86' lang='lat' dir='ltr'><strong>non</strong></span> <span class='ocrx_word' id='word_1_460' title='bbox 1428 1515 1533 1545; x_wconf 88' lang='lat' dir='ltr'><strong>solum</strong></span> <span class='ocrx_word' id='word_1_461' title='bbox 1549 1515 1582 1545; x_wconf 91' lang='lat' dir='ltr'><strong>in</strong></span> <span class='ocrx_word' id='word_1_462' title='bbox 1598 1515 1717 1553; x_wconf 91' lang='lat' dir='ltr'><strong>cibum,</strong></span> <span class='ocrx_word' id='word_1_463' title='bbox 1737 1524 1850 1546; x_wconf 85' lang='lat' dir='ltr'><strong>verum</strong></span> 
     </span>
     <span class='ocr_line' id='line_1_75' title="bbox 1069 1568 1850 1608; baseline -0.001 -9"><span class='ocrx_word' id='word_1_464' title='bbox 1069 1569 1165 1599; x_wconf 81' lang='lat' dir='ltr'><strong>etiam</strong></span> <span class='ocrx_word' id='word_1_465' title='bbox 1189 1569 1220 1599; x_wconf 90' lang='lat' dir='ltr'><strong>in</strong></span> <span class='ocrx_word' id='word_1_466' title='bbox 1247 1571 1494 1599; x_wconf 84' lang='lat' dir='ltr'><strong>sacramentum.</strong></span> <span class='ocrx_word' id='word_1_467' title='bbox 1523 1568 1722 1608; x_wconf 84' lang='lat' dir='ltr'><strong>lncorruptio</strong></span> <span class='ocrx_word' id='word_1_468' title='bbox 1747 1568 1850 1607; x_wconf 89' lang='lat' dir='ltr'><strong>igitur</strong></span> 
     </span>
    </p>

    <p class='ocr_par' dir='ltr' id='par_1_15' title="bbox 1069 1621 1849 1823">
     <span class='ocr_line' id='line_1_76' title="bbox 1069 1621 1849 1662; baseline 0 -10"><span class='ocrx_word' id='word_1_469' title='bbox 1069 1625 1099 1652; x_wconf 87' lang='lat' dir='ltr'><strong>et</strong></span> <span class='ocrx_word' id='word_1_470' title='bbox 1125 1622 1347 1653; x_wconf 85' lang='lat' dir='ltr'><strong>immortalitas</strong></span> <span class='ocrx_word' id='word_1_471' title='bbox 1373 1622 1513 1662; x_wconf 86' lang='lat' dir='ltr'><strong>corporis</strong></span> <span class='ocrx_word' id='word_1_472' title='bbox 1534 1621 1612 1652; x_wconf 74' lang='lat' dir='ltr'><strong>Adae</strong></span> <span class='ocrx_word' id='word_1_473' title='bbox 1635 1621 1849 1662; x_wconf 85' lang='lat' dir='ltr'><strong>principaliter</strong></span> 
     </span>
     <span class='ocr_line' id='line_1_77' title="bbox 1071 1675 1848 1713; baseline -0.001 -7"><span class='ocrx_word' id='word_1_474' title='bbox 1071 1676 1216 1707; x_wconf 78' lang='lat' dir='ltr'><strong>veniebat</strong></span> <span class='ocrx_word' id='word_1_475' title='bbox 1238 1676 1278 1706; x_wconf 92' lang='lat' dir='ltr'><strong>ab</strong></span> <span class='ocrx_word' id='word_1_476' title='bbox 1297 1676 1420 1713; x_wconf 85' lang='lat' dir='ltr'><strong>anima,</strong></span> <span class='ocrx_word' id='word_1_477' title='bbox 1435 1676 1514 1706; x_wconf 79' lang='lat' dir='ltr'><strong>sicut</strong></span> <span class='ocrx_word' id='word_1_478' title='bbox 1530 1684 1547 1705; x_wconf 91' lang='lat' dir='ltr'><strong>a</strong></span> <span class='ocrx_word' id='word_1_479' title='bbox 1560 1675 1741 1706; x_wconf 84' lang='lat' dir='ltr'><strong>continente</strong></span> <span class='ocrx_word' id='word_1_480' title='bbox 1756 1677 1786 1705; x_wconf 91' lang='lat' dir='ltr'><strong>et</strong></span> <span class='ocrx_word' id='word_1_481' title='bbox 1800 1675 1848 1705; x_wconf 91' lang='lat' dir='ltr'><strong>in-</strong></span> 
     </span>
     <span class='ocr_line' id='line_1_78' title="bbox 1070 1728 1849 1769; baseline -0.001 -9"><span class='ocrx_word' id='word_1_482' title='bbox 1070 1730 1203 1767; x_wconf 83' lang='lat' dir='ltr'><strong>ssuente;</strong></span> <span class='ocrx_word' id='word_1_483' title='bbox 1226 1733 1257 1760; x_wconf 81' lang='lat' dir='ltr'><strong>et</strong></span> <span class='ocrx_word' id='word_1_484' title='bbox 1274 1740 1292 1760; x_wconf 89' lang='lat' dir='ltr'><strong>a</strong></span> <span class='ocrx_word' id='word_1_485' title='bbox 1307 1730 1448 1769; x_wconf 85' lang='lat' dir='ltr'><strong>corporis</strong></span> <span class='ocrx_word' id='word_1_486' title='bbox 1463 1730 1545 1760; x_wconf 85' lang='lat' dir='ltr'><strong>bona</strong></span> <span class='ocrx_word' id='word_1_487' title='bbox 1569 1731 1600 1759; x_wconf 80' lang='lat' dir='ltr'><strong>et</strong></span> <span class='ocrx_word' id='word_1_488' title='bbox 1620 1728 1737 1768; x_wconf 81' lang='lat' dir='ltr'><strong>aequali</strong></span> <span class='ocrx_word' id='word_1_489' title='bbox 1758 1737 1849 1759; x_wconf 88' lang='lat' dir='ltr'><strong>com—</strong></span> 
     </span>
     <span class='ocr_line' id='line_1_79' title="bbox 1070 1782 1845 1823; baseline 0 -9"><span class='ocrx_word' id='word_1_490' title='bbox 1070 1784 1232 1823; x_wconf 75' lang='lat' dir='ltr'><strong>plexione.</strong></span> <span class='ocrx_word' id='word_1_491' title='bbox 1249 1783 1331 1813; x_wconf 83' lang='lat' dir='ltr'><strong>sicut</strong></span> <span class='ocrx_word' id='word_1_492' title='bbox 1349 1792 1366 1813; x_wconf 89' lang='lat' dir='ltr'><strong>a</strong></span> <span class='ocrx_word' id='word_1_493' title='bbox 1382 1783 1569 1823; x_wconf 83' lang='lat' dir='ltr'><strong>disponente</strong></span> <span class='ocrx_word' id='word_1_494' title='bbox 1592 1784 1621 1813; x_wconf 85' lang='lat' dir='ltr'><strong>et</strong></span> <span class='ocrx_word' id='word_1_495' title='bbox 1638 1782 1845 1822; x_wconf 81' lang='lat' dir='ltr'><strong>suscipiente3</strong></span> 
     </span>
    </p>

    <p class='ocr_par' dir='ltr' id='par_1_16' title="bbox 1068 1836 1849 1983">
     <span class='ocr_line' id='line_1_80' title="bbox 1069 1836 1847 1876; baseline -0.001 -9"><span class='ocrx_word' id='word_1_496' title='bbox 1069 1847 1087 1868; x_wconf 91' lang='lat' dir='ltr'><strong>a</strong></span> <span class='ocrx_word' id='word_1_497' title='bbox 1103 1837 1193 1876; x_wconf 86' lang='lat' dir='ltr'><strong>ligno</strong></span> <span class='ocrx_word' id='word_1_498' title='bbox 1208 1840 1315 1867; x_wconf 87' lang='lat' dir='ltr'><strong>autem</strong></span> <span class='ocrx_word' id='word_1_499' title='bbox 1332 1837 1418 1874; x_wconf 79' lang='lat' dir='ltr'><strong>vitae,</strong></span> <span class='ocrx_word' id='word_1_500' title='bbox 1436 1838 1518 1867; x_wconf 87' lang='lat' dir='ltr'><strong>sicut</strong></span> <span class='ocrx_word' id='word_1_501' title='bbox 1532 1846 1550 1867; x_wconf 90' lang='lat' dir='ltr'><strong>a</strong></span> <span class='ocrx_word' id='word_1_502' title='bbox 1564 1839 1734 1876; x_wconf 82' lang='lat' dir='ltr'><strong>vegetante</strong></span> <span class='ocrx_word' id='word_1_503' title='bbox 1748 1839 1779 1867; x_wconf 87' lang='lat' dir='ltr'><strong>et</strong></span> <span class='ocrx_word' id='word_1_504' title='bbox 1792 1836 1847 1867; x_wconf 90' lang='lat' dir='ltr'><strong>ad-</strong></span> 
     </span>
     <span class='ocr_line' id='line_1_81' title="bbox 1070 1890 1849 1930; baseline -0.001 -9"><span class='ocrx_word' id='word_1_505' title='bbox 1070 1891 1293 1927; x_wconf 65' lang='lat' dir='ltr'><strong>1ninioulante3</strong></span> <span class='ocrx_word' id='word_1_506' title='bbox 1311 1900 1329 1921; x_wconf 87' lang='lat' dir='ltr'><strong>a</strong></span> <span class='ocrx_word' id='word_1_507' title='bbox 1346 1891 1505 1929; x_wconf 80' lang='lat' dir='ltr'><strong>regimine</strong></span> <span class='ocrx_word' id='word_1_508' title='bbox 1521 1899 1597 1921; x_wconf 91' lang='lat' dir='ltr'><strong>vero</strong></span> <span class='ocrx_word' id='word_1_509' title='bbox 1612 1890 1729 1920; x_wconf 84' lang='lat' dir='ltr'><strong>divinae</strong></span> <span class='ocrx_word' id='word_1_510' title='bbox 1745 1890 1849 1930; x_wconf 87' lang='lat' dir='ltr'><strong>provi-</strong></span> 
     </span>
     <span class='ocr_line' id='line_1_82' title="bbox 1068 1936 1847 1983; baseline -0.003 -7"><span class='ocrx_word' id='word_1_511' title='bbox 1068 1945 1197 1983; x_wconf 62' lang='lat' dir='ltr'><strong>dantia»,</strong></span> <span class='ocrx_word' id='word_1_512' title='bbox 1223 1945 1303 1975; x_wconf 86' lang='lat' dir='ltr'><strong>sicut</strong></span> <span class='ocrx_word' id='word_1_513' title='bbox 1325 1945 1458 1975; x_wconf 87' lang='lat' dir='ltr'><strong>interius</strong></span> <span class='ocrx_word' id='word_1_514' title='bbox 1479 1946 1688 1975; x_wconf 86' lang='lat' dir='ltr'><strong>conservante</strong></span> <span class='ocrx_word' id='word_1_515' title='bbox 1710 1946 1742 1974; x_wconf 85' lang='lat' dir='ltr'><strong>et</strong></span> <span class='ocrx_word' id='word_1_516' title='bbox 1759 1936 1847 1974; x_wconf 49' lang='lat' dir='ltr'><strong>exte-⁸</strong></span> 
     </span>
    </p>

    <p class='ocr_par' dir='ltr' id='par_1_17' title="bbox 1069 1998 1352 2038">
     <span class='ocr_line' id='line_1_83' title="bbox 1069 1998 1352 2038; baseline 0 -10"><span class='ocrx_word' id='word_1_517' title='bbox 1069 1998 1137 2028; x_wconf 90' lang='lat' dir='ltr'><strong>rius</strong></span> <span class='ocrx_word' id='word_1_518' title='bbox 1153 2000 1352 2038; x_wconf 85' lang='lat' dir='ltr'><strong>protegente.</strong></span> 
     </span>
    </p>
   </div>
   <div class='ocr_carea' id='block_1_6' title="bbox 1314 2111 1598 2145">
    <p class='ocr_par' dir='ltr' id='par_1_18' title="bbox 1314 2111 1598 2145">
     <span class='ocr_line' id='line_1_84' title="bbox 1314 2111 1598 2145; baseline -0.004 0"><span class='ocrx_word' id='word_1_519' title='bbox 1314 2112 1494 2145; x_wconf 87' lang='lat' dir='ltr'>CAPUT</span> <span class='ocrx_word' id='word_1_520' title='bbox 1530 2111 1598 2144; x_wconf 89' lang='lat' dir='ltr'><strong>XI.</strong></span> 
     </span>
    </p>
   </div>
   <div class='ocr_carea' id='block_1_7' title="bbox 1112 2195 1802 2275">
    <p class='ocr_par' dir='ltr' id='par_1_19' title="bbox 1112 2195 1802 2275">
     <span class='ocr_line' id='line_1_85' title="bbox 1112 2195 1802 2231; baseline -0.003 -7"><span class='ocrx_word' id='word_1_521' title='bbox 1112 2198 1149 2223; x_wconf 78' lang='lat' dir='ltr'><strong>De</strong></span> <span class='ocrx_word' id='word_1_522' title='bbox 1166 2196 1344 2231; x_wconf 76' lang='lat' dir='ltr'><strong>productione</strong></span> <span class='ocrx_word' id='word_1_523' title='bbox 1363 2196 1493 2229; x_wconf 77' lang='lat' dir='ltr'><strong>hominis,</strong></span> <span class='ocrx_word' id='word_1_524' title='bbox 1514 2197 1644 2230; x_wconf 75' lang='lat' dir='ltr'><strong>quantum</strong></span> <span class='ocrx_word' id='word_1_525' title='bbox 1664 2195 1701 2222; x_wconf 86' lang='lat' dir='ltr'><strong>ad</strong></span> <span class='ocrx_word' id='word_1_526' title='bbox 1719 2196 1802 2222; x_wconf 79' lang='lat' dir='ltr'><strong>totum</strong></span> 
     </span>
     <span class='ocr_line' id='line_1_86' title="bbox 1367 2241 1546 2275; baseline -0.006 -8"><span class='ocrx_word' id='word_1_527' title='bbox 1367 2241 1546 2275; x_wconf 80' lang='lat' dir='ltr'><strong>conjunctum.</strong></span> 
     </span>
    </p>
   </div>
   <div class='ocr_carea' id='block_1_8' title="bbox 1062 2319 2003 2684">
    <p class='ocr_par' dir='ltr' id='par_1_20' title="bbox 1062 2319 2003 2684">
     <span class='ocr_line' id='line_1_87' title="bbox 1108 2319 2003 2361; baseline -0.006 -7"><span class='ocrx_word' id='word_1_528' title='bbox 1108 2324 1148 2354; x_wconf 75' lang='lat' dir='ltr'><strong>lle</strong></span> <span class='ocrx_word' id='word_1_529' title='bbox 1171 2326 1235 2354; x_wconf 88' lang='lat' dir='ltr'><strong>toto</strong></span> <span class='ocrx_word' id='word_1_530' title='bbox 1259 2326 1366 2354; x_wconf 85' lang='lat' dir='ltr'><strong>autem</strong></span> <span class='ocrx_word' id='word_1_531' title='bbox 1389 2322 1519 2353; x_wconf 89' lang='lat' dir='ltr'><strong>homine</strong></span> <span class='ocrx_word' id='word_1_532' title='bbox 1534 2322 1567 2352; x_wconf 90' lang='lat' dir='ltr'><strong>in</strong></span> <span class='ocrx_word' id='word_1_533' title='bbox 1584 2321 1729 2361; x_wconf 85' lang='lat' dir='ltr'><strong>paradiso</strong></span> <span class='ocrx_word' id='word_1_534' title='bbox 1749 2319 1844 2350; x_wconf 90' lang='lat' dir='ltr'><strong>collo·</strong></span> <span class='ocrx_word' id='word_1_535' title='bbox 1861 2325 1891 2346; x_wconf 74' lang='lat' dir='ltr'><strong>ne</strong></span> <span class='ocrx_word' id='word_1_536' title='bbox 1900 2326 1968 2360; x_wconf 56' lang='lat' dir='ltr'><strong>inomi-</strong></span> <span class='ocrx_word' id='word_1_537' title='bbox 2001 2355 2003 2357; x_wconf 26' lang='grc' dir='ltr'>Ι</span> 
     </span>
     <span class='ocr_line' id='line_1_88' title="bbox 1065 2363 2003 2414; baseline -0.007 -6"><span class='ocrx_word' id='word_1_538' title='bbox 1065 2381 1144 2414; x_wconf 78' lang='lat' dir='ltr'><strong>cato,</strong></span> <span class='ocrx_word' id='word_1_539' title='bbox 1163 2378 1230 2407; x_wconf 70' lang='lat' dir='ltr'><strong>liaec</strong></span> <span class='ocrx_word' id='word_1_540' title='bbox 1242 2376 1377 2407; x_wconf 82' lang='lat' dir='ltr'><strong>tenenda</strong></span> <span class='ocrx_word' id='word_1_541' title='bbox 1393 2379 1478 2413; x_wconf 90' lang='lat' dir='ltr'><strong>sunt,</strong></span> <span class='ocrx_word' id='word_1_542' title='bbox 1490 2375 1635 2406; x_wconf 85' lang='lat' dir='ltr'><strong>videlieet</strong></span> <span class='ocrx_word' id='word_1_543' title='bbox 1649 2373 1734 2414; x_wconf 87' lang='lat' dir='ltr'><strong>quod</strong></span> <span class='ocrx_word' id='word_1_544' title='bbox 1751 2373 1844 2404; x_wconf 84' lang='lat' dir='ltr'><strong>datus</strong></span> <span class='ocrx_word' id='word_1_545' title='bbox 1859 2363 1967 2408; x_wconf 48' lang='lat' dir='ltr'><strong>”ssgffiffi‘</strong></span> <span class='ocrx_word' id='word_1_546' title='bbox 2000 2387 2003 2401; x_wconf 68' lang='grc'><strong>-,</strong></span> 
     </span>
     <span class='ocr_line' id='line_1_89' title="bbox 1064 2418 1966 2475; baseline -0.006 -14"><span class='ocrx_word' id='word_1_547' title='bbox 1064 2434 1110 2461; x_wconf 92' lang='lat' dir='ltr'><strong>est</strong></span> <span class='ocrx_word' id='word_1_548' title='bbox 1125 2431 1152 2461; x_wconf 89' lang='lat' dir='ltr'><strong>ei</strong></span> <span class='ocrx_word' id='word_1_549' title='bbox 1169 2430 1286 2470; x_wconf 77' lang='lat' dir='ltr'><strong>duplex</strong></span> <span class='ocrx_word' id='word_1_550' title='bbox 1304 2439 1428 2467; x_wconf 87' lang='lat' dir='ltr'><strong>seusus,</strong></span> <span class='ocrx_word' id='word_1_551' title='bbox 1448 2429 1565 2459; x_wconf 87' lang='lat' dir='ltr'><strong>scilieet</strong></span> <span class='ocrx_word' id='word_1_552' title='bbox 1580 2427 1723 2463; x_wconf 82' lang='lat' dir='ltr'><strong>interior,</strong></span> <span class='ocrx_word' id='word_1_553' title='bbox 1740 2429 1771 2457; x_wconf 88' lang='lat' dir='ltr'><strong>et</strong></span> <span class='ocrx_word' id='word_1_554' title='bbox 1786 2436 1841 2458; x_wconf 83' lang='lat' dir='ltr'><strong>ex·</strong></span> <span class='ocrx_word' id='word_1_555' title='bbox 1859 2418 1966 2475; x_wconf 51' lang='grc' dir='ltr'><strong>ξζξζζζὶῗ</strong></span> 
     </span>
     <span class='ocr_line' id='line_1_90' title="bbox 1063 2480 1965 2520; baseline -0.004 -6"><span class='ocrx_word' id='word_1_556' title='bbox 1063 2484 1177 2520; x_wconf 87' lang='lat' dir='ltr'><strong>terior;</strong></span> <span class='ocrx_word' id='word_1_557' title='bbox 1196 2483 1310 2514; x_wconf 83' lang='lat' dir='ltr'><strong>scilicet</strong></span> <span class='ocrx_word' id='word_1_558' title='bbox 1329 2483 1456 2520; x_wconf 88' lang='lat' dir='ltr'><strong>mentis,</strong></span> <span class='ocrx_word' id='word_1_559' title='bbox 1473 2485 1503 2512; x_wconf 89' lang='lat' dir='ltr'><strong>et</strong></span> <span class='ocrx_word' id='word_1_560' title='bbox 1518 2481 1631 2511; x_wconf 77' lang='lat' dir='ltr'><strong>carnis.</strong></span> <span class='ocrx_word' id='word_1_561' title='bbox 1643 2480 1740 2511; x_wconf 86' lang='lat' dir='ltr'><strong>Datus</strong></span> <span class='ocrx_word' id='word_1_562' title='bbox 1752 2482 1799 2510; x_wconf 88' lang='lat' dir='ltr'><strong>est</strong></span> <span class='ocrx_word' id='word_1_563' title='bbox 1811 2480 1841 2511; x_wconf 89' lang='lat' dir='ltr'><strong>ei</strong></span> <span class='ocrx_word' id='word_1_564' title='bbox 1859 2483 1965 2504; x_wconf 67' lang='lat' dir='ltr'><strong>fiendum-</strong></span> 
     </span>
     <span class='ocr_line' id='line_1_91' title="bbox 1063 2533 1843 2577; baseline -0.005 -10"><span class='ocrx_word' id='word_1_565' title='bbox 1063 2537 1182 2577; x_wconf 78' lang='lat' dir='ltr'><strong>duplex</strong></span> <span class='ocrx_word' id='word_1_566' title='bbox 1196 2539 1311 2574; x_wconf 85' lang='lat' dir='ltr'><strong>motus,</strong></span> <span class='ocrx_word' id='word_1_567' title='bbox 1325 2536 1442 2566; x_wconf 85' lang='lat' dir='ltr'><strong>scilicet</strong></span> <span class='ocrx_word' id='word_1_568' title='bbox 1454 2534 1665 2574; x_wconf 85' lang='lat' dir='ltr'><strong>imperativus</strong></span> <span class='ocrx_word' id='word_1_569' title='bbox 1680 2534 1713 2563; x_wconf 90' lang='lat' dir='ltr'><strong>in</strong></span> <span class='ocrx_word' id='word_1_570' title='bbox 1729 2533 1843 2564; x_wconf 90' lang='lat' dir='ltr'><strong>volun-</strong></span> 
     </span>
     <span class='ocr_line' id='line_1_92' title="bbox 1064 2586 1842 2628; baseline -0.005 -7"><span class='ocrx_word' id='word_1_571' title='bbox 1064 2594 1140 2628; x_wconf 85' lang='lat' dir='ltr'><strong>tate,</strong></span> <span class='ocrx_word' id='word_1_572' title='bbox 1159 2593 1189 2620; x_wconf 87' lang='lat' dir='ltr'><strong>et</strong></span> <span class='ocrx_word' id='word_1_573' title='bbox 1208 2590 1396 2621; x_wconf 82' lang='lat' dir='ltr'><strong>executivus</strong></span> <span class='ocrx_word' id='word_1_574' title='bbox 1411 2589 1444 2618; x_wconf 92' lang='lat' dir='ltr'><strong>in</strong></span> <span class='ocrx_word' id='word_1_575' title='bbox 1461 2596 1603 2627; x_wconf 83' lang='lat' dir='ltr'><strong>corpore.</strong></span> <span class='ocrx_word' id='word_1_576' title='bbox 1622 2587 1735 2617; x_wconf 68' lang='lat' dir='ltr'><strong>Datum</strong></span> <span class='ocrx_word' id='word_1_577' title='bbox 1752 2589 1799 2617; x_wconf 88' lang='lat' dir='ltr'><strong>est</strong></span> <span class='ocrx_word' id='word_1_578' title='bbox 1813 2586 1842 2617; x_wconf 89' lang='lat' dir='ltr'><strong>ei</strong></span> 
     </span>
     <span class='ocr_line' id='line_1_93' title="bbox 1062 2641 1841 2684; baseline -0.004 -11"><span class='ocrx_word' id='word_1_579' title='bbox 1062 2644 1179 2684; x_wconf 80' lang='lat' dir='ltr'><strong>duplex</strong></span> <span class='ocrx_word' id='word_1_580' title='bbox 1206 2645 1342 2679; x_wconf 89' lang='lat' dir='ltr'><strong>bonum,</strong></span> <span class='ocrx_word' id='word_1_581' title='bbox 1366 2652 1470 2673; x_wconf 87' lang='lat' dir='ltr'><strong>unum</strong></span> <span class='ocrx_word' id='word_1_582' title='bbox 1495 2641 1627 2680; x_wconf 81' lang='lat' dir='ltr'><strong>visibile,</strong></span> <span class='ocrx_word' id='word_1_583' title='bbox 1652 2644 1683 2672; x_wconf 90' lang='lat' dir='ltr'><strong>et</strong></span> <span class='ocrx_word' id='word_1_584' title='bbox 1704 2641 1841 2671; x_wconf 84' lang='lat' dir='ltr'><strong>alterum</strong></span> 
     </span>
    </p>
   </div>
   <div class='ocr_carea' id='block_1_9' title="bbox 1096 2704 1761 2736">
    <p class='ocr_par' dir='ltr' id='par_1_21' title="bbox 1096 2704 1761 2736">
     <span class='ocr_line' id='line_1_94' title="bbox 1096 2704 1761 2736; baseline -0.006 -6"><span class='ocrx_word' id='word_1_585' title='bbox 1096 2708 1101 2722; x_wconf 90' lang='lat'>¹</span> <span class='ocrx_word' id='word_1_586' title='bbox 1119 2708 1192 2736; x_wconf 69' lang='lat' dir='ltr'><strong>Aug,</strong></span> <span class='ocrx_word' id='word_1_587' title='bbox 1208 2705 1237 2729; x_wconf 82' lang='lat' dir='ltr'><strong>de</strong></span> <span class='ocrx_word' id='word_1_588' title='bbox 1250 2705 1336 2729; x_wconf 82' lang='lat' dir='ltr'><strong>Genes.</strong></span> <span class='ocrx_word' id='word_1_589' title='bbox 1352 2704 1386 2728; x_wconf 76' lang='lat' dir='ltr'><strong>ad</strong></span> <span class='ocrx_word' id='word_1_590' title='bbox 1397 2704 1460 2735; x_wconf 65' lang='lat' dir='ltr'><strong>lm„</strong></span> <span class='ocrx_word' id='word_1_591' title='bbox 1475 2704 1519 2728; x_wconf 85' lang='lat' dir='ltr'><strong>lib.</strong></span> <span class='ocrx_word' id='word_1_592' title='bbox 1537 2704 1603 2734; x_wconf 78' lang='lat' dir='ltr'><strong>vin,</strong></span> <span class='ocrx_word' id='word_1_593' title='bbox 1618 2710 1640 2727; x_wconf 92' lang='lat' dir='ltr'><strong>c.</strong></span> <span class='ocrx_word' id='word_1_594' title='bbox 1658 2709 1683 2727; x_wconf 87' lang='grc' dir='ltr'><strong>ιν</strong></span> <span class='ocrx_word' id='word_1_595' title='bbox 1699 2705 1723 2727; x_wconf 85' lang='lat' dir='ltr'><strong>et</strong></span> <span class='ocrx_word' id='word_1_596' title='bbox 1739 2708 1761 2726; x_wconf 72' lang='lat' dir='ltr'><strong>v-</strong></span> 
     </span>
    </p>
   </div>
  </div>
 </body>
</html>
