2003 3037
225 219 285 249 418

225 284 292 315 sive
308 281 478 314 transitum
494 279 573 318 viae,
591 281 647 310 aut
667 278 842 319 respiciunt
857 277 997 309 collatio-

225 345 300 367 nem
327 333 403 366 boni
416 357 426 372 ,
449 335 505 364 aut
531 332 726 363 amotionem
754 331 840 362 mali.
869 330 999 362 Collatio

223 389 299 419 boni
314 387 433 429 petitur
446 386 480 417 in
493 394 577 426 pane
591 384 783 426 quotidiano
801 385 869 417 sive
883 390 999 423 super-

223 440 456 478 substantiali,
480 440 514 470 in
537 448 602 479 quo
622 439 742 479 petitur
763 437 920 479 quidquid
941 445 997 467 ne-

224 495 398 527 cessarium
413 495 461 525 est
474 493 514 524 ad
533 492 808 523 conservationem
823 491 898 522 vitae
913 498 997 531 prae-

223 548 322 580 sentis
343 571 352 586 ‚
381 549 447 578 tam
476 545 653 577 secundum
689 545 835 585 spiritum
858 567 866 581 ‚
900 552 998 584 quam

223 601 401 632 secundum
423 609 551 640 corpus.
574 598 702 630 Amotio
724 598 800 629 mali
823 597 943 637 petitur
964 596 999 627 in

117 663 210 689 Triplex
224 653 328 685 tribus
348 652 567 694 sequentihus.
591 651 646 682 Est
665 652 774 682 autem
796 649 918 680 malum
941 649 998 680 tri-

104 693 196 715 mulum.

136 1257 206 1281 Quin-

100 1292 143 1312 que
158 1294 206 1308 sen-

101 1323 146 1338 nu..

223 707 321 747 plex:
347 707 508 748 quoddam
532 707 619 736 tenet
639 704 797 735 rationem
826 702 998 743 praeteriti,

223 760 385 800 quoddam
414 758 581 800 praesentis
602 781 610 796 ,
638 760 669 788 et
696 756 857 797 quoddam
884 755 998 786 futuri.

224 812 298 845 Sive
312 813 472 854 quoddam
486 814 534 843 est
545 811 667 842 malum
680 809 782 850 culpae
795 833 802 847 ‚
817 809 886 840 sive
899 810 1000 839 trans-

223 866 416 906 gressionis3
437 864 596 906 quoddam
625 865 673 895 est
704 863 826 894 malum
855 870 996 902 pugnae,

224 920 291 951 sive
305 919 486 950 tentationis
498 929 505 956 ;
517 917 677 958 quoddam
688 919 735 948 est
745 915 866 947 malum
881 923 997 955 poenae,

224 975 292 1004 sive
313 971 538 1003 tribulationis.
561 970 704 1002 Primum
721 969 841 1010 petitur
855 969 998 999 amoveri

223 1027 255 1057 in
286 1025 472 1057 dimissione
495 1024 676 1056 debitorum
698 1032 706 1061 3
736 1021 912 1054 secundum
928 1045 938 1059 ‚
965 1021 999 1052 in

222 1081 356 1112 victoria
380 1079 619 1116 tentationum;
645 1077 797 1114 tertium,
824 1076 857 1106 in
880 1075 997 1106 libera-

221 1134 308 1165 tione
322 1133 361 1164 ab
376 1132 580 1172 oppressione
595 1129 835 1161 adversorum'.

264 1186 491 1218 perfectionem
525 1183 761 1215 beatitudinum
793 1182 998 1222 consequitur

221 1241 340 1281 duplex
356 1250 434 1271 usus
446 1264 454 1278 ,
471 1239 589 1270 scilicet
603 1238 746 1279 quinque
764 1245 919 1268 sensuum
933 1236 997 1276 spi-

221 1293 402 1331 ritualium,
419 1295 450 1323 et
471 1292 639 1323 duodecim
663 1291 828 1321 fructuum
853 1289 996 1329 spiritus.

220 1347 340 1378 Sensus
373 1345 552 1386 spirituales
585 1346 662 1375 sunt
692 1343 782 1374 visus
802 1367 811 1381 ‚
839 1342 969 1373 auditus
986 1366 996 1380 ‚

221 1402 357 1439 gustus,
384 1399 535 1429 odoratus
549 1422 557 1436 ‚
582 1400 613 1429 et
632 1399 745 1428 tactus.
772 1395 849 1427 Visu
869 1395 997 1426 videtur

220 1453 327 1494 spousi
349 1452 464 1484 Christi
489 1460 618 1483 summa
639 1449 844 1491 pulchritudo
868 1448 927 1479 sub
948 1457 997 1479 ra-

220 1507 305 1537 tione
338 1505 515 1546 splendoris
535 1516 543 1542 ·,
573 1505 686 1535 auditu
718 1503 848 1534 auditur
882 1501 997 1532 Christi

219 1569 348 1591 summa
361 1559 531 1590 harmonia
546 1558 605 1589 sub
621 1558 743 1589 ratione
762 1556 854 1588 verbi
867 1567 874 1594 ;
898 1557 998 1596 gustu

222 1616 372 1653 gustatur
385 1612 502 1643 Christi
519 1620 647 1642 summa
666 1610 799 1641 dulcedo
819 1610 879 1640 sub
900 1609 995 1640 ratio-

220 1675 261 1697 ne
285 1666 469 1706 sapientiae,
488 1663 785 1704 comprehendentis
807 1663 942 1693 verbum
967 1663 998 1691 et

221 1719 423 1760 splendorem
436 1729 442 1756 ;
460 1718 594 1748 odoratu
609 1716 762 1747 odoratur
777 1715 893 1746 Christi
908 1723 996 1745 sum-

223 1782 275 1803 ma
291 1771 469 1812 fragrantia
484 1771 543 1801 sub
558 1770 680 1801 ratione
701 1769 790 1799 verbi
805 1768 951 1808 inspirati
966 1767 999 1797 iu

221 1826 336 1864 corde3
354 1827 439 1855 tactu
463 1823 655 1862 astringitur
671 1824 701 1852 et
723 1821 871 1861 palpatur
885 1820 999 1852 Christi

221 1887 350 1909 summa
360 1877 503 1908 suavitas
516 1876 575 1906 sub
589 1875 711 1906 ratione
723 1873 818 1905 Verbi
831 1874 998 1913 incarnati,

116 1940 209 1959 remeius
223 1932 305 1963 inter
320 1930 467 1962 homines
481 1928 664 1959 habitantis,
690 1926 827 1958 Fructus
841 1936 918 1958 vero
934 1927 997 1967 spi-

102 1970 201 1996 apii-itus.

223 1986 305 2016 ritus
320 1985 416 2015 suut·
439 1983 601 2019 charitas,
626 1980 804 2021 glaudium,
828 1989 919 2020 pax,
941 1990 1000 2020 pa-

224 2039 342 2071 tientia
351 2062 358 2076 ,
372 2037 604 2076 longanimitas
617 2059 625 2070 ,
640 2035 766 2066 bonitas
779 2058 786 2071 ,
805 2035 998 2074 benignitas,

223 2091 326 2130 fides,
340 2088 567 2125 mansuetudo,
586 2087 763 2125 modestia,
782 2088 999 2125 continencia,

224 2147 254 2175 et
268 2144 415 2176 castitas.
433 2142 502 2173 Non
522 2143 599 2172 suut
623 2142 730 2170 autem
751 2149 880 2178 sensus,
897 2149 1001 2180 neque

224 2198 359 2236 fructus,
377 2206 433 2237 per
448 2205 481 2226 se
495 2195 625 2226 habitus
642 2205 648 2224 :
671 2194 725 2224 sed
750 2193 872 2224 fruetus
891 2193 1002 2224 dicunt

224 2251 405 2282 affectuales
442 2249 663 2280 delectationes
704 2247 787 2277 circa
824 2247 997 2278 bonitatem

226 2304 338 2344 Sponsi
353 2302 607 2343 degustandan1;
625 2310 737 2331 sensus
761 2302 868 2330 autem
891 2300 1003 2331 dicunt

228 2357 457 2387 intellectuales
479 2354 696 2395 perceptiones
725 2353 808 2384 circa
834 2353 1002 2384 veritatem

227 2410 341 2450 Sponsi
361 2408 649 2449 contemplandam.
674 2407 752 2444 Quae
776 2407 1002 2447 contemplatio

226 2463 285 2494 fuit
300 2464 332 2494 in
350 2463 512 2503 prophetis
526 2470 582 2501 per
596 2460 823 2491 revelationem
843 2463 1001 2500 quantum

226 2517 266 2548 ad
280 2517 436 2556 triplicem
452 2516 626 2551 visionem,
643 2513 761 2544 scilicet
783 2513 980 2553 corporalem
991 2538 998 2551 ,

227 2569 454 2609 imaginariam
478 2568 545 2597 sive
569 2566 788 2606 spiritualem,
806 2570 836 2597 et
860 2567 999 2598 intellec-

259 2650 264 2662 “
279 2649 335 2673 vid.
351 2646 431 2671 nostri
443 2646 560 2670 Doctoris
574 2646 762 2676 [impositionem
778 2646 802 2668 ἱιι
820 2653 873 2676 cap.
888 2648 1001 2676 sartum,

226 2684 307 2708 Mami
327 2697 357 2701 —
370 2684 377 2697 ²
393 2683 460 2712 Gal„
473 2688 499 2712 v,
515 2682 597 2705 22-23.
611 2694 636 2698 -
651 2681 661 2697 ὃ
673 2682 777 2705 Materia
792 2681 867 2711 hujus
881 2682 1002 2705 sectionis

873 203 1179 247 CEN'rrLonUM.

1053 276 1186 307 tualem.
1210 274 1246 307 In
1271 275 1342 307 aliis
1364 284 1442 307 vero
1464 275 1562 315 ¹iustis
1588 274 1746 315 reperitur
1769 284 1828 316 per

1054 328 1305 369 speculationem
1317 352 1325 366 ‚
1341 337 1416 369 quae
1430 328 1544 369 incipit
1555 337 1574 359 a
1588 337 1697 366 sensu,
1714 329 1746 359 et
1760 337 1829 369 per·

1055 382 1143 413 venit
1155 382 1194 413 ad
1215 381 1501 422 imaginationem;
1516 381 1555 412 de
1574 381 1826 420 imaginatione,

1054 435 1094 466 ad
1107 435 1276 473 rationem;
1294 435 1334 466 de
1351 435 1492 473 ratione,
1506 435 1545 466 ad
1560 434 1773 472 intellectum;
1789 433 1828 465 de

1053 487 1213 519 intellectu
1223 511 1233 526 ‚
1249 489 1288 520 ad
1303 488 1550 528 intelligentiam
1563 498 1571 526 ;
1587 487 1627 519 de
1642 487 1828 527 intelligen-

1053 541 1097 572 tia
1109 565 1119 580 ‚
1143 541 1182 572 ad
1207 542 1394 582 sapientiam
1406 566 1416 580 ‚
1434 542 1502 573 sive
1522 540 1671 572 notitiam
1691 540 1828 572 excessi·

1054 603 1129 625 vam
1146 604 1154 625 :
1170 596 1202 626 et
1216 597 1260 626 sic
1275 595 1434 626 assistitur
1447 603 1526 627 vero
1538 593 1714 626 Salomoni.

1288 702 1438 737 SECTIO
1460 703 1594 737 XLVII.

1216 785 1254 812 De
1276 783 1459 811 Sacramentis
1482 784 1513 811 in
1535 775 1668 818 generali.

1095 862 1165 893 Jam
1182 862 1356 894 videndum
1369 864 1415 893 est
1430 862 1469 893 de
1483 861 1575 893 tertio
1584 862 1739 893 beneficio
1753 861 1828 893 ,lesu

1055 915 1188 954 Christi,
1208 916 1294 956 quod
1313 918 1361 946 est
1382 914 1619 946 sacramentalis
1635 914 1790 946 medicina
1804 917 1827 946 ⁸.

1055 970 1098 1001 De
1112 969 1319 1001 sacramentis
1331 978 1412 1009 ergo
1426 969 1531 1009 primo
1543 968 1710 1000 videamus
1725 969 1756 1000 in
1771 978 1828 1009 ge·

1055 1024 1174 1061 nerali;
1199 1025 1307 1064 postea
1334 1023 1373 1054 de
1399 1022 1539 1062 singulis
1567 1022 1600 1053 in
1628 1022 1764 1063 speciali.
1795 1022 1830 1054 In

1056 1077 1196 1117 generali
1214 1077 1373 1108 habemus
1384 1076 1491 1107 videre
1504 1076 1544 1107 de
1557 1077 1830 1107 sacramentorum

1055 1131 1267 1168 institutione,
1279 1129 1468 1161 diffinitione
1478 1152 1486 1166 ,
1502 1129 1716 1167 ordinatione,
1734 1129 1827 1160 itera-

1054 1184 1140 1214 tione
1152 1207 1160 1222 ,
1177 1183 1366 1214 sufficientia
1378 1185 1409 1214 et
1423 1182 1648 1222 praeeellentia.

1094 1237 1253 1268 Institutio
1265 1237 1540 1268 sacramentorum
1556 1235 1654 1267 Deum
1669 1235 1785 1273 decuit,
1799 1237 1831 1266 et

1055 1289 1146 1320 nobis
1166 1290 1337 1330 expediens
1362 1289 1432 1320 fuit.
1459 1288 1568 1320 Decuit
1590 1288 1720 1329 quidem
1745 1288 1827 1319 divi-

1054 1353 1130 1374 nam
1153 1343 1402 1374 misericordiam
1423 1342 1515 1373 nobis
1536 1341 1702 1382 providere
1725 1351 1829 1373 reme-

1055 1397 1117 1436 dia,
1134 1406 1198 1428 non
1213 1397 1317 1427 solum
1330 1405 1404 1436 quae
1421 1396 1541 1427 faciunt
1555 1395 1593 1426 ad
1609 1396 1830 1427 remissionem

1055 1451 1156 1490 culpae
1169 1475 1176 1489 ‚
1205 1451 1259 1481 sed
1288 1450 1383 1481 etiam
1411 1458 1524 1489 poenae.
1553 1448 1661 1480 Decuit
1687 1449 1830 1481 divinam

1051 1504 1208 1544 justitiam
1224 1528 1233 1542 ‚
1273 1512 1346 1544 quae
1374 1512 1393 1533 a
1429 1503 1520 1533 nobis
1554 1502 1656 1542 exigit
1690 1503 1829 1542 aliquam

1055 1557 1323 1595 humiliationem,
1337 1565 1434 1596 quam
1447 1555 1638 1587 exhibemus
1653 1565 1709 1596 per
1723 1557 1831 1595 siguo-

1055 1620 1129 1642 rum
1139 1610 1338 1641 sensibilium
1351 1609 1618 1640 observationem.
1632 1609 1740 1640 Decuit
1751 1609 1830 1641 ‹livi-

1056 1673 1132 1694 nam
1147 1664 1334 1703 sapientiam
1345 1687 1352 1701 ‚
1369 1671 1442 1702 quae
1458 1662 1491 1692 in
1506 1662 1709 1693 sensibilibus
1723 1662 1832 1693 decre·

1056 1717 1102 1748 vit
1123 1717 1264 1748 remedia
1283 1716 1448 1754 invenire,
1470 1724 1510 1746 ex
1531 1715 1649 1754 quihus
1674 1716 1832 1755 contingit

1056 1773 1205 1801 naturam
1224 1769 1364 1801 hominis
1384 1769 1527 1800 interire.
1548 1767 1645 1799 Nobis
1661 1769 1831 1808 expediens

1057 1824 1116 1855 suit
1143 1834 1149 1854 :
1174 1823 1327 1863 quoniam
1355 1822 1441 1853 enim
1473 1830 1601 1852 eramus
1627 1821 1701 1852 caeci
1727 1821 1831 1861 quoad

1057 1876 1244 1907 rationalem
1258 1900 1266 1913 ‚
1283 1876 1352 1907 ideo
1366 1876 1439 1906 data
1460 1877 1535 1906 sunt
1549 1876 1745 1905 sacramenta
1759 1883 1832 1904 sen-

1057 1930 1160 1960 sibilia
1189 1930 1229 1960 ad
1257 1929 1490 1965 eruditionem;
1524 1927 1676 1968 quoniam
1704 1936 1833 1958 eramus

1058 1983 1131 2014 elati
1145 1982 1249 2023 quoad
1260 1982 1461 2018 irascibilem,
1478 1981 1547 2012 ideo
1558 1981 1631 2012 data
1645 1983 1719 2011 sunt
1729 1989 1832 2011 sacra-

1059 2039 1165 2066 menta
1187 2035 1363 2075 corporalia
1388 2034 1427 2064 ad
1451 2033 1723 2071 humiliationem
1749 2042 1831 2073 quo-

1058 2089 1144 2119 niam
1167 2097 1295 2119 eramus
1317 2087 1407 2128 proni
1427 2087 1466 2117 ad
1489 2086 1609 2117 malum
1626 2086 1731 2126 quoad
1753 2095 1832 2117 con-

1059 2142 1275 2182 cupiscibilem
1289 2165 1298 2179 ‚
1327 2140 1398 2171 ideo
1429 2140 1501 2170 data
1533 2141 1609 2170 sunt
1637 2141 1834 2170 sacramenta

1059 2195 1151 2234 plura
1167 2195 1205 2225 ad
1220 2194 1491 2225 exercitationem.

1100 2247 1339 2279 Sacramentum
1356 2247 1401 2277 sic
1414 2247 1608 2277 diffiniturin
1620 2247 1790 2277 Sententiis
1800 2248 1809 2263 ”
1824 2257 1830 2277 :

1064 2313 1078 2330 a
1102 2301 1342 2331 Sacramentum
1366 2302 1412 2330 est
1429 2300 1597 2330 invisibilis
1620 2300 1733 2338 gratiae
1758 2300 1833 2331 visi-

1060 2353 1134 2384 bilis
1159 2355 1277 2391 forma,
1301 2354 1393 2392 cujus
1416 2352 1655 2383 similitudinem
1678 2353 1777 2391 gerit,
1802 2355 1833 2383 et

1060 2415 1155 2437 causa
1169 2406 1286 2436 existit.
1305 2416 1319 2434 n
1344 2405 1441 2444 Hugo
1461 2405 1499 2435 de
1523 2408 1630 2435 sancto
1649 2404 1773 2436 Victore
1789 2405 1833 2435 sic

1060 2459 1176 2490 diffinit
1189 2460 1198 2476 ⁵
1215 2470 1222 2490 :
1243 2470 1258 2488 «
1272 2458 1513 2489 Sacramentum
1531 2461 1577 2488 est
1594 2458 1754 2488 materiale
1768 2457 1831 2488 ele-

1061 2515 1207 2543 mentum
1222 2512 1403 2552 subJectum
1425 2511 1524 2541 oculis
1536 2533 1544 2548 ,
1561 2510 1766 2541 similitudine
1783 2520 1833 2542 re-

1061 2611 1167 2634 habetur
1201 2618 1291 2640 supra,
1319 2608 1408 2632 bret-tl.
1437 2611 1506 2638 parte
1534 2614 1585 2638 vii,
1611 2615 1625 2631 a
1658 2616 1679 2632 c.
1706 2615 1728 2639 1,
1752 2616 1832 2640 usque

1060 2647 1090 2669 :ul
1107 2652 1152 2669 Vll.
1170 2659 1195 2662 —
1213 2646 1222 2662 ὅ
1238 2647 1317 2673 δεηί.,
1332 2644 1375 2667 lib.
1397 2644 1438 2673 tv,
1456 2643 1513 2666 ‹lis-t.
1533 2649 1556 2673 ι,
1572 2644 1625 2675 huj.
1641 2644 1692 2668 ellit
1720 2648 1782 2669 tuin.
1800 2644 1831 2674 V,

1060 2689 1084 2712 p.
1101 2683 1154 2705 244.
1170 2695 1195 2698 --
1210 2682 1220 2698 Ι
1235 2682 1310 2711 king„
1323 2679 1352 2703 de
1366 2679 1487 2708 Sacram,
1504 2678 1547 2703 lib.
1566 2679 1585 2709 Ι,
1600 2686 1625 2710 p.
1644 2680 1684 2710 tx,
1699 2687 1722 2703 c.
1740 2686 1768 2704 11.

1858 1245 1949 1265 Institu-

1844 1276 1874 1296 tio
1880 1281 1950 1295 sacra-

1853 1308 1940 1328 menw-

1854 1345 1861 1359 1
1866 1345 1912 1358 um.

1865 2247 1951 2268 Dissiui-

1847 2279 1884 2298 tio.
