2003 3037
191 245 250 275 364

188 309 388 350 agendorum
416 307 650 338 inchoatorum.
681 304 818 344 Vagatio
848 302 964 334 mentis

189 363 272 394 circa
295 361 422 400 illicita,
446 362 496 391 est
517 359 667 391 voluntas
690 357 816 389 interno
843 355 964 396 gaudio

188 415 346 452 destituta,
362 414 397 444 in
409 414 506 444 rebus
519 412 731 444 exterioribus
743 410 860 441 illicitis
872 408 962 448 quie-

188 471 254 499 tem
283 467 335 498 vel
367 466 552 497 solationem
584 473 743 506 quaerenS.
780 462 964 495 Secundum

189 521 348 552 Isidorum
361 520 371 537 ¹
384 519 456 550 aliae
470 520 545 550 sunt
556 518 633 549 filiae
643 517 791 555 tristitiae,
808 516 880 547 aliae
897 515 962 546 aci-

188 574 260 605 diae.
283 573 352 614 Ipse
368 572 453 604 enim
467 571 629 603 tristitiam
643 572 735 602 vocat
750 569 962 606 voluntatem,

188 629 224 658 in
242 629 399 668 quantum
415 635 434 657 a
453 625 548 665 gravi
566 625 672 656 debito
691 632 725 654 se
743 622 877 658 avertit;
899 621 964 652 aci-

188 681 275 712 diam
289 688 368 711 vero
379 681 473 710 vocat
487 678 697 716 voluntatem,
713 677 747 707 in
760 677 918 717 quantum
930 683 965 706 se

188 734 228 766 ad
242 734 383 774 quietem
398 732 574 763 indebitam
587 731 755 762 convertit.
770 729 849 760 Dicit
862 738 962 769 ergo:

192 800 208 818 α
223 787 265 818 De
278 786 404 817 tristitia
423 787 543 817 exeunt
562 793 691 821 rancor,
707 782 963 824 pusillanimitas,

189 840 384 877 amaritudo,
404 838 591 879 desperatio.
614 849 629 867 n
660 837 702 868 De
724 836 824 868 acidia
848 845 961 867 secun-

189 894 266 925 dum
281 894 390 934 ipsum
405 893 553 923 oriuntur
566 891 723 930 otiositas,
741 890 962 928 somnolentia,

188 946 431 987 importunitas,
452 945 640 985 inquietudo
662 944 796 982 mentis,
823 943 965 983 corporis

189 1000 391 1038 instabilitas,
407 999 595 1037 verbositas,
610 998 789 1029 curiositas.

413 1108 586 1144 SECTIO
620 1108 740 1142 XXII.

475 1192 513 1217 De
531 1190 674 1217 Auaritia.

231 1267 382 1308 Sequitur
403 1267 512 1298 videre
531 1266 570 1297 de
595 1265 728 1296 avaritia
748 1266 905 1304 quantum
927 1263 965 1293 ad

191 1322 333 1362 quinque
343 1345 352 1359 ,
369 1320 487 1351 scilicet.
507 1321 665 1360 quantum
679 1318 719 1349 ad
733 1318 964 1349 diffinitionem,

191 1375 461 1415 comparationem
472 1398 479 1411 ,
497 1372 743 1413 oppositionem,
761 1370 965 1407 differentias,

191 1432 221 1460 et
236 1429 327 1459 filias.
344 1427 556 1467 Augustinus
568 1433 664 1465 super
674 1426 816 1457 Genesim
831 1424 874 1455 ad
882 1424 967 1456 litte-

192 1491 276 1520 ram,
301 1481 415 1513 diffinit
436 1481 480 1511 sic
500 1479 689 1511 avaritiam:
718 1490 733 1507 α
754 1478 897 1509 Avaritia
921 1479 968 1508 est

192 1535 350 1575 appetitus
376 1543 442 1565 non
469 1533 574 1564 solum
602 1532 765 1572 pecuniae,
793 1531 847 1562 sed
872 1531 968 1561 etiam

192 1588 367 1620 altitudinis
386 1591 417 1618 et
440 1587 589 1618 scientiae.
613 1597 628 1614 n
656 1585 753 1623 Idem,
776 1585 808 1615 in
832 1584 913 1614 libro
929 1583 968 1615 de

196 1642 330 1674 Civitate
346 1643 401 1673 Dei
415 1642 426 1658 ²
440 1651 448 1671 :
469 1652 484 1670 α
500 1639 644 1671 Avaritia
658 1642 704 1669 est
721 1638 816 1668 libido
831 1637 968 1668 habendi

196 1696 375 1736 pecuniam.
393 1706 407 1723 »
432 1694 510 1725 Item
525 1693 650 1724 Tullius
670 1692 785 1723 djffinit
807 1700 876 1722 eam
893 1691 936 1721 sic
959 1701 966 1721 :

199 1760 213 1778 a
230 1749 372 1780 Avaritia
388 1750 433 1779 est
448 1756 538 1778 amor
552 1746 780 1776 immoderatus
791 1745 938 1775 habendi.
950 1755 964 1773 n

238 1802 444 1842 Comparatur
467 1803 574 1831 autem
601 1798 732 1829 avaritia
760 1797 966 1835 idololatriae;

194 1856 280 1887 unde
313 1863 398 1894 saepe
432 1853 546 1884 dicitur
575 1852 732 1884 idolorum
763 1853 902 1884 servitus
936 1852 969 1882 in

195 1909 369 1948 Scriptura.
392 1907 457 1938 Hoc
476 1909 584 1937 autem
609 1906 744 1943 dictitur,
767 1905 843 1945 quia
868 1905 970 1935 cultor

195 1962 249 1992 Dei
263 1961 302 1992 ad
318 1961 418 1991 Deum
433 1959 598 1999 tripliciter
619 1961 833 1999 comparatur,
854 1957 970 1988 scilieet

195 2014 367 2053 diligendo,
384 2012 582 2049 honorando,
595 2014 624 2042 et
639 2012 670 2042 in
681 2012 750 2051 ipso
765 2011 967 2041 confidendo:

197 2077 268 2108 quae
289 2067 350 2097 tria
369 2067 402 2096 in
421 2074 518 2096 avaro
541 2067 687 2104 respectu
711 2064 851 2103 pecuniae
877 2064 968 2094 inve-

197 2121 330 2151 niuntur
343 2123 373 2151 et
387 2121 604 2159 reperiuntur,
618 2120 746 2158 propter
760 2117 845 2157 quod
863 2117 967 2147 avari-

197 2175 240 2205 tia
254 2184 318 2204 non
338 2172 496 2204 immerito
516 2172 631 2202 dicitur
650 2171 784 2202 servitus
800 2170 967 2200 idolorum.

238 2226 359 2266 Duplex
380 2228 425 2256 est
447 2225 543 2255 etiam
565 2226 653 2255 actus
673 2224 827 2260 avaritiae,
854 2223 970 2253 scilicet

198 2280 329 2318 diligere
355 2279 544 2319 pecuniam,
571 2281 600 2308 et
624 2278 780 2314 retinere,
810 2277 876 2307 sive
906 2285 971 2306 non

199 2333 284 2364 dare.
310 2333 438 2363 Ratione
464 2332 559 2372 primi
583 2334 690 2368 actus,
715 2330 850 2361 avaritia
871 2338 971 2369 oppo-

199 2387 288 2416 nitur
302 2385 447 2415 charitati
459 2409 467 2423 ,
484 2394 556 2424 quae
577 2385 699 2414 bonum
718 2384 820 2422 diligit
845 2383 970 2413 incom-

200 2438 364 2475 mutabile;
381 2438 501 2468 ratione
516 2446 593 2468 vero
609 2437 736 2467 secundi
751 2439 849 2473 actus,
869 2445 971 2476 oppo-

199 2492 287 2522 nitur
313 2491 471 2529 largitati‚
497 2491 562 2520 sive
595 2489 791 2525 liberalitati,
820 2497 892 2529 quae
919 2489 971 2519 dat

201 2544 318 2580 danda,
332 2547 362 2574 et
378 2544 490 2574 retinet
506 2543 681 2573 retinenda.
704 2542 825 2581 Duplex
840 2542 970 2580 quidem

201 2601 246 2627 est
269 2600 356 2627 actus
376 2596 533 2635 largitatis
545 2620 553 2633 ,
570 2596 685 2626 scilicet
706 2595 780 2625 dare
803 2594 905 2625 danda
917 2618 924 2629 ,
942 2597 972 2624 et

236 2679 242 2691 ¹
261 2676 329 2706 lsid„
349 2678 375 2700 in
394 2677 476 2705 Dent..
495 2683 518 2700 c.
538 2681 590 2699 xvi.
603 2688 632 2693 —
651 2676 661 2692 ²
679 2678 754 2706 Aug„
772 2675 802 2698 de
816 2675 893 2699 civit.
911 2675 972 2703 Dei,

206 2713 250 2736 lib.
263 2713 328 2741 MV,
343 2719 365 2735 c.
381 2718 423 2736 xv.
436 2725 466 2730 —
481 2712 489 2726 ³
503 2712 569 2743 Greg
581 2729 588 2742 ‚
603 2711 651 2735 loc.
668 2712 746 2736 cit.-
757 2712 764 2724 ⁴
784 2711 853 2741 lsid.,
866 2710 914 2734 loc.
931 2711 972 2734 cit.

836 231 1142 271 CENTILOQUIUM.

1018 301 1156 332 retinere
1174 301 1353 334 retinenda.
1375 301 1475 342 cuius
1491 294 1610 343 duplex
1623 305 1673 335 est
1686 305 1795 336 επιτο-
1818 283 1823 291 .

1018 353 1113 384 mitas
1124 354 1257 393 vitiosa,
1271 355 1388 387 scilicet
1401 355 1629 396 prodigalitas,
1644 365 1719 397 quae
1739 357 1796 389 dat

1017 416 1083 438 non
1092 408 1209 444 danda,
1224 411 1257 440 et
1270 409 1414 448 avaritia,
1426 418 1500 449 quae
1512 409 1629 441 retinet
1640 419 1707 441 non
1719 410 1796 442 reti-

1017 462 1132 493 nenda.
1159 462 1318 505 Largitas,
1340 464 1407 494 sive
1430 463 1576 504 parcitas,
1598 463 1684 504 quod
1707 464 1793 495 idem

1018 517 1075 554 est,
1091 517 1139 546 est
1159 516 1274 553 virtus,
1288 518 1398 548 tamen
1411 516 1535 547 ratione
1553 518 1684 548 actuum
1698 517 1792 548 diffe-

1018 577 1092 599 rens
1116 569 1177 600 erit
1198 570 1362 601 medietas,
1384 569 1418 601 Si
1439 569 1524 600 enim
1550 570 1591 610 (a)
1611 570 1796 601 attendatur

1018 622 1175 662 oppositio
1201 623 1378 654 secundum
1405 624 1513 653 actum
1536 622 1651 661 dandi,
1682 623 1791 663 prodi-

1019 675 1136 715 galitas
1145 678 1193 707 ost
1204 676 1419 717 superfluitas,
1435 684 1509 716 quaa
1523 676 1575 707 dat
1587 685 1653 707 non
1668 676 1790 715 danda;

1018 729 1152 760 avaritia
1170 732 1218 760 est
1240 729 1427 767 diminutio,
1447 738 1521 769 quae
1543 729 1625 766 nihil
1639 729 1711 768 dat;
1727 729 1792 761 lar-

1019 782 1100 822 gitas
1115 784 1162 814 est
1176 782 1340 813 medietas.
1357 781 1392 813 Si
1404 791 1482 813 vero
1498 782 1665 814 ordinatur
1678 792 1794 814 secun-

1018 835 1096 867 dum
1120 838 1227 867 actum
1250 835 1425 874 retinendi,
1451 836 1585 867 avaritia
1608 838 1657 868 est
1681 845 1793 877 super-

1019 889 1134 928 fluitas,
1151 898 1224 929 quae
1246 889 1362 920 retinet
1384 889 1559 928 retinenda,
1583 891 1615 920 et
1638 898 1704 921 non
1716 890 1795 921 reti-

1019 941 1137 980 nenda;
1154 942 1361 983 prodigalitas
1374 944 1420 973 est
1433 942 1613 981 diminutio,
1627 951 1700 983 quae
1713 943 1794 974 nihil

1018 996 1134 1027 retinet
1147 1007 1155 1034 ;
1174 997 1308 1036 parcitas
1324 1005 1400 1027 vero
1414 999 1461 1026 est
1476 995 1638 1027 medietas.

1060 1049 1249 1080 Differentiae
1266 1049 1408 1080 avaritiae
1419 1052 1494 1080 sunt
1508 1050 1660 1090 quinque,
1677 1050 1796 1082 seilicet

1020 1103 1165 1134 beneficii
1180 1103 1364 1141 subtractio,
1381 1103 1520 1140 furtum,
1537 1103 1666 1143 rapina,
1685 1112 1795 1143 usura,

1021 1156 1166 1186 simonia.
1200 1155 1378 1186 Subtractio
1410 1156 1554 1186 beneficii
1587 1158 1634 1186 est
1663 1156 1797 1188 avaritia

1020 1209 1161 1239 retinens
1173 1208 1377 1245 beneficium,
1389 1208 1475 1248 quod
1490 1210 1615 1239 tenetur
1627 1208 1702 1239 dare
1716 1218 1797 1249 pau-

1023 1262 1152 1302 peribus
1176 1262 1210 1292 in
1235 1264 1377 1301 tempore
1402 1261 1617 1299 necessitatis,
1643 1263 1681 1292 ut
1709 1261 1798 1292 dives

1022 1315 1194 1354 indigenti.
1211 1314 1347 1346 Furtum
1361 1317 1408 1345 est
1422 1315 1557 1346 avaritia
1574 1315 1715 1346 retinens
1728 1324 1797 1346 rem

1023 1369 1158 1400 alienam
1181 1369 1282 1399 invito
1303 1368 1443 1399 domino.
1468 1367 1588 1408 Rapina
1602 1371 1649 1399 est.
1663 1368 1798 1399 avaritia

1023 1431 1078 1462 per
1099 1422 1166 1452 vim
1188 1430 1346 1461 occupans
1368 1431 1437 1452 rem
1458 1421 1606 1452 alienam.
1629 1421 1731 1453 Usura
1751 1424 1798 1453 ost

1023 1474 1159 1505 avaritia
1174 1475 1342 1514 acquirens
1353 1483 1408 1514 per
1422 1477 1571 1505 mutuum
1585 1474 1704 1514 aliquid
1720 1484 1799 1514 prae-

1023 1531 1072 1558 ter
1097 1530 1226 1559 sortem.
1257 1527 1401 1558 Simonia
1425 1530 1472 1558 est
1498 1528 1632 1558 avaritia
1659 1527 1799 1558 studiose

1024 1583 1175 1621 appetens
1189 1580 1328 1611 vendere
1342 1580 1394 1611 vel
1416 1589 1522 1611 emere
1536 1580 1713 1620 spiritualia
1722 1604 1731 1619 ,
1748 1580 1799 1611 vel

1025 1634 1181 1674 spirituali
1197 1643 1372 1664 annexum.

1064 1687 1088 1718 F
1090 1687 1150 1718 iliae
1175 1687 1317 1717 avaritiae
1331 1711 1339 1725 ‚
1364 1687 1538 1718 secundum
1561 1686 1752 1726 Gregorium
1767 1687 1778 1703 ³
1790 1710 1799 1725 ,

1025 1744 1101 1771 sunt
1117 1743 1249 1780 septem,
1267 1740 1381 1770 scilicet
1392 1740 1538 1779 proditio,
1551 1740 1649 1777 fraus,
1666 1740 1798 1778 fallacia,

1025 1794 1204 1834 perjurium
1218 1818 1225 1831 ,
1255 1793 1442 1832 inquietudo
1465 1793 1601 1829 mentis,
1629 1793 1798 1831 violentia,

1026 1847 1195 1878 obduratio
1206 1850 1315 1877 contra
1327 1846 1442 1876 mentis
1453 1845 1712 1876 misericordiam.
1730 1845 1802 1876 Pro-

1025 1901 1102 1931 ditio
1117 1903 1163 1931 est
1179 1900 1328 1930 voluntas
1347 1908 1404 1939 per
1418 1899 1634 1938 deceptionem
1649 1899 1800 1930 domesti-

1025 1963 1139 1984 corum
1153 1953 1354 1992 acquirendis
1368 1952 1504 1982 inhians.
1519 1952 1620 1982 Fraus
1634 1955 1679 1983 est
1690 1952 1801 1982 volun-

1026 2010 1073 2038 tas
1100 2007 1277 2046 profectum
1312 2005 1450 2045 proximi
1482 2005 1641 2045 decipiens
1672 2007 1800 2045 propter

1026 2063 1189 2090 terrenum
1204 2059 1469 2090 emolumentum.
1479 2057 1614 2088 Fallacia
1628 2059 1673 2088 est
1688 2056 1800 2088 volun-

1025 2116 1073 2144 tas
1103 2123 1158 2154 per
1186 2114 1284 2144 verba
1312 2113 1468 2152 decipiens
1495 2111 1680 2151 proximum
1705 2119 1800 2141 causa

1026 2167 1180 2197 lucrandi.
1212 2165 1396 2205 PerJurium
1425 2169 1472 2195 est
1499 2165 1649 2195 voluntas
1677 2163 1800 2194 violans

1026 2222 1259 2250 sacramentum
1291 2221 1320 2249 et
1347 2220 1579 2258 juramentum.
1611 2216 1800 2256 inquietudo

1027 2273 1142 2303 mentis
1165 2274 1211 2303 est
1234 2272 1382 2302 voluntas
1405 2271 1546 2310 cogitare
1566 2279 1631 2300 non
1655 2278 1798 2306 cessans,

1027 2326 1163 2367 qualiter
1196 2326 1294 2365 possit
1325 2324 1451 2355 divitias
1483 2331 1694 2362 congregare.
1723 2321 1800 2351 Vio-

1027 2380 1122 2410 lentia
1148 2381 1193 2409 est
1217 2379 1363 2409 voluntas
1387 2386 1444 2417 per
1467 2377 1534 2406 vim
1558 2375 1694 2406 aliorum
1717 2374 1800 2405 bona

1027 2433 1162 2472 rapiens.
1193 2431 1363 2462 Obduratio
1395 2430 1510 2460 mentis
1538 2431 1646 2459 contra
1674 2427 1800 2458 miseri·

1028 2486 1168 2516 cordiam
1201 2487 1246 2515 est
1280 2484 1428 2515 voluntas
1461 2482 1614 2512 concitata
1648 2480 1799 2510 adversus

1030 2539 1272 2578 postulationem
1294 2536 1482 2575 indigentiS,
1506 2542 1546 2564 ex
1566 2534 1667 2564 nimio
1689 2534 1800 2564 ardore

1028 2591 1170 2631 pecuniae
1196 2590 1377 2620 retinendae.
1404 2586 1585 2618 Secundum
1610 2586 1767 2617 Isidorum
1777 2586 1798 2624 ⁴,

1030 2648 1098 2675 octo
1113 2648 1185 2675 sunt
1197 2644 1270 2674 miae
1283 2642 1435 2679 avaritiae,
1452 2640 1569 2671 seilicet
1584 2640 1798 2678 mendacium,

1063 2708 1097 2736 ια)
1114 2707 1174 2731 Coet.
1190 2705 1252 2729 edit.
1268 2707 1362 2728 autem.
