2003 3037
59 1486 132 1511 Quare
143 1485 165 1506 in

59 1517 119 1537 omni
133 1516 164 1537 le-

58 1554 86 1574 ge
102 1548 165 1574 plura

67 1579 156 1599 suerunt

71 1616 143 1630 sacra-

71 1642 152 1662 menta.

62 2399 163 2425 Dignitas

676 171 727 204 DE
751 170 941 203 MEDICINA
963 171 1284 204 SACRAMENTALI.
1725 175 1784 205 313

170 248 354 280 congruum
366 239 426 272 fuit
441 241 472 271 et
487 239 555 281 ipsa
569 240 664 280 signa
681 238 793 270 salutis
808 247 864 279 per
879 247 948 270 suc·

169 295 345 328 cessionem
362 297 543 336 temporum
559 294 621 326 alia
636 296 706 335 post
729 294 790 325 alia
804 294 921 326 variari
938 306 945 326 :

169 351 207 381 ut
219 349 350 381 effectus
363 349 476 389 gratiae
490 348 609 380 divinae
623 347 657 379 in
672 347 808 379 salutem
824 357 944 379 cresce-

170 406 236 443 ret,
253 403 415 444 simulque
428 404 459 434 et
472 402 541 442 ipsa.
554 401 747 442 significatio
762 401 795 432 in
810 401 889 442 ipsis
903 402 946 433 si-

172 459 245 498 gnis
261 457 440 490 visibilibus
449 455 625 488 evidentior
635 458 811 497 appareret.
825 456 863 487 Et
877 456 948 488 ideo

171 511 314 552 primum
329 519 386 551 per
400 509 574 542 oblationes
585 534 595 550 ,
613 511 721 551 postea
737 518 794 550 per
810 510 947 541 circum-

172 565 324 596 cisionem
333 587 343 603 ,
359 563 400 595 ad
412 563 564 595 ultimum
578 571 636 604 per
650 563 875 604 baptismalem
888 563 944 594 ab·

170 619 343 658 lutionem,
368 617 559 659 expiationis
575 618 615 657 jet
633 617 871 658 justificationis
896 626 949 649 sa-

172 674 371 705 cramentum
386 671 561 703 formaliter
576 671 762 711 institutum
785 672 833 703 est
850 682 857 702 :
875 672 952 712 quia

172 726 315 768 ejusdem
330 725 546 757 mundationis
561 725 664 757 forma
681 727 711 756 et
724 725 900 757 similitudo
917 725 950 756 in

173 779 332 812 oblatione
356 779 487 820 quidem
502 779 625 811 occulte
641 779 814 818 invenitur,
838 780 871 810 in
887 779 951 809 cir-

173 834 366 866 cumcisione
384 843 461 865 vero
475 834 656 866 evidentius
672 834 877 874 exprimitur,
895 842 953 874 per

175 887 369 927 baptismum
400 889 507 918 autem
533 888 734 918 manifestius
760 886 950 918 declaratur.

175 941 214 972 Et
226 941 301 972 hinc
315 943 362 972 est
378 941 464 981 quod
478 941 532 972 illa
546 941 641 981 primi
667 941 821 982 temporis
846 950 951 972 sacra-

177 996 296 1033 menta,
313 994 395 1026 sicut
409 995 482 1026 dicit
500 994 598 1034 Hugo
612 995 632 1033 ¹,
650 995 781 1026 fuerunt
796 995 879 1025 51661
896 1003 951 1026 ve—

175 1047 277 1078 ritatis
291 1048 426 1086 umbra;
449 1047 543 1079 medii
559 1048 729 1088 temporis,
746 1049 828 1080 sicut
846 1049 954 1088 figura

176 1110 233 1132 seu
247 1100 376 1141 imag03
393 1102 562 1142 postremi,
580 1101 699 1133 56111661
720 1103 853 1142 gratiae,
873 1103 955 1133 sicut

177 1164 307 1196 corpus,
326 1155 403 1196 quia
423 1156 508 1186 intra
524 1165 556 1186 se
577 1155 741 1187 veritatem
763 1158 793 1186 et
815 1156 953 1195 gratiam

177 1209 366 1240 curatricem
381 1209 544 1240 continent
554 1233 561 1247 ‚
578 1219 676 1250 quam
691 1211 906 1250 praesentant,
924 1211 954 1240 et

178 1262 420 1303 praesentialiter
435 1263 623 1301 conferunt,
642 1263 726 1303 quoti
752 1263 951 1303 promittunt.

220 1315 361 1354 Rursus,
389 1317 541 1357 quoniam
569 1316 741 1357 praesentia
766 1316 907 1347 veritatis
926 1319 957 1347 et

176 1370 308 1410 gratiae,
327 1380 401 1411 quae
416 1371 451 1402 in
472 1371 544 1411 lege
566 1371 680 1411 gratiae
703 1371 885 1409 exhibetur,
907 1380 957 1402 ra-

179 1424 264 1455 tione
278 1433 346 1455 5636
365 1424 560 1456 excellentiae
581 1426 611 1456 et
636 1425 899 1456 multiformitatis
923 1425 956 1456 in

178 1487 273 1518 opere
285 1479 316 1509 et
330 1477 457 1517 virtute,
475 1487 532 1519 per
548 1488 651 1509 unum
667 1479 799 1518 signum
818 1479 955 1518 exprimi

176 1540 242 1562 non
256 1533 397 1572 poterat,
422 1533 459 1563 ut
478 1532 625 1570 decebat3
644 1532 719 1563 hine
734 1533 799 1570 est,
817 1533 903 1572 quod
923 1533 955 1563 in

177 1585 266 1616 omni
288 1587 433 1626 tempore
447 1587 478 1616 et
492 1585 563 1625 lege
577 1585 670 1626 plura
697 1586 827 1617 fuerunt
852 1595 955 1617 sacra-

178 1641 286 1670 menta
300 1639 390 1677 data,
415 1639 454 1670 ad
473 1639 561 1670 illam
577 1640 745 1671 veritatem
763 1643 793 1671 et
815 1640 955 1680 gratiam

177 1692 420 1733 exprimendam
437 1704 445 1731 ;
474 1693 529 1724 sed
561 1694 723 1734 praecipue
751 1694 783 1724 iu
812 1696 956 1735 tempore

177 1746 258 1786 legis
271 1746 409 1786 figurae,
427 1747 519 1787 quus
539 1749 584 1779 651
606 1748 750 1786 figurare
764 1772 771 1786 ,
796 1748 897 1778 multa
913 1748 957 1779 si-

181 1811 248 1842 gna
262 1804 293 1834 et
306 1802 396 1834 varia
410 1805 660 1843 praecesserunt,
680 1813 752 1844 quae
770 1814 829 1835 sua
851 1804 957 1835 varie·

179 1858 243 1887 tate
265 1856 380 1888 Christi
397 1857 537 1896 gratiam
561 1858 778 1897 multiplieiter
794 1858 957 1898 exprime-

180 1913 266 1948 rent,
281 1911 312 1941 et
323 1910 529 1941 excellentius
538 1911 799 1942 commendarent
810 1934 817 1948 ,
833 1913 863 1941 et
876 1911 958 1941 111111-

180 1964 327 2004 tipliciter
342 1964 593 1995 commendando
610 1965 769 1995 nutrirent
784 1964 936 2005 parvulos
946 1989 956 2003 ,

179 2020 363 2049 exercerent
385 2018 602 2058 imperfectos,
631 2021 661 2049 61
680 2019 776 2050 duros
797 2019 957 2050 onerando

179 2072 384 2111 frangerent,
406 2073 438 2103 et
452 2071 490 2102 ad
502 2073 625 2111 jugum
641 2073 754 2111 gratiae
769 2073 954 2111 domarent,

180 2127 210 2156 et
224 2125 460 2165 quodammodo
475 2126 666 2156 emollirent.

221 2177 403 2217 Postremo,
426 2179 580 2218 quoniam
603 2180 847 2219 superveniente
872 2181 957 2210 veri-

180 2234 264 2270 tate,
283 2234 384 2263 cessat
399 2233 532 2270 umbra,
556 2235 587 2263 et
603 2233 710 2272 figura
734 2234 956 2273 praenuntians

180 2286 312 2317 sortitur
326 2286 423 2317 finem
446 2286 604 2317 intentum
618 2310 625 2324 ,
650 2296 714 2326 quo
734 2287 860 2325 habito,
886 2296 956 2317 665-

181 2349 251 2371 sare
261 2339 352 2371 debet
367 2341 436 2380 eJus
449 2349 527 2370 usus
537 2342 568 2371 et
581 2343 671 2371 actus
685 2351 690 2369 ε
705 2341 780 2371 111116
795 2343 854 2379 651,
873 2342 957 2381 quod

183 2394 288 2433 gratia
301 2393 545 2433 superveniente
556 2417 566 2432 ,
583 2396 692 2425 vetera
714 2397 912 2425 sacramenta
929 2397 959 2425 et

80 2436 114 2450 Bac
118 2436 150 2450 ΓΡ.-
199 2447 204 2452 -

69 2463 156 2482 mento-

61 2498 110 2511 rum
130 2498 168 2512 no-

61 2529 92 2543 vae
104 2524 166 2549 legis,

181 2456 274 2486 Signa
296 2446 426 2487 impleta
441 2449 514 2477 sunt
529 2448 647 2487 pariter
663 2450 693 2478 et
717 2448 858 2486 sublata,
884 2449 959 2488 quia

183 2499 277 2538 signa
290 2502 381 2531 erant
394 2501 584 2540 praenostica
599 2501 782 2532 futurorum
792 2525 799 2539 ,
818 2504 849 2533 61
867 2503 958 2542 qnasi

183 2554 432 2592 praenuntiantia
444 2554 482 2585 de
492 2554 673 2594 longinquo
684 2566 691 2592 ;
704 2557 734 2585 et
745 2564 828 2586 nova
840 2556 957 2587 nihilo-

218 2632 304 2664 ι11113.
324 2634 354 2657 de
379 2636 404 2658 S.
430 2635 505 2664 Viet.,
527 2634 594 2658 Dial.
613 2635 641 2658 (le
660 2636 770 2659 Sacram.
795 2635 842 2665 leq.
866 2639 916 2660 aas.
936 2638 958 2659 cl

182 2669 290 2698 revisum,
306 2669 452 2700 longissime
468 2673 524 2701 post
540 2670 607 2694 med.

1005 239 1114 270 minus
1124 239 1269 272 instituta
1279 242 1433 281 tanquam
1442 239 1692 272 demonstrativa
1705 249 1786 281 prae-

1005 293 1102 324 sentis
1136 294 1250 333 gratiae
1272 319 1280 332 ,
1308 295 1340 325 et
1366 295 1614 326 rememorativa
1643 295 1785 335 quodam

1005 347 1100 378 modo
1118 347 1273 388 passionis
1291 347 1464 379 Dominicae
1476 372 1484 386 ‚
1502 357 1576 389 quae
1591 348 1662 380 fons
1675 350 1738 387 est,
1755 350 1786 380 et

1005 401 1098 441 origo
1129 401 1243 440 gratiae
1267 403 1439 440 curativae‚
1461 401 1528 433 sive
1556 403 1589 433 in
1613 402 1783 441 omnibus,

1006 455 1074 486 sive
1093 455 1126 486 in
1143 455 1233 486 nohis
1247 477 1254 493 ,
1271 455 1339 486 sive
1355 455 1386 485 in
1408 454 1460 486 his
1477 455 1532 494 qui
1555 458 1787 495 praecesserunt

1007 508 1121 540 Christi
1135 508 1310 540 adventum
1328 520 1334 539 :
1353 508 1456 540 sedin
1472 508 1522 539 his
1543 509 1598 549 qui
1614 518 1783 549 praecesse-

1007 564 1098 601 runt,
1116 564 1270 602 tanquam
1292 562 1430 602 pretium
1448 561 1661 602 promissum3
1678 562 1713 593 in
1735 562 1788 593 his

1007 617 1064 658 qui
1085 621 1276 658 sequuntur,
1300 619 1455 658 tanquam
1477 617 1618 657 pretium
1640 617 1786 658 persolu-

1007 673 1088 702 tum.
1107 671 1144 702 Et
1167 672 1320 712 quoniam
1342 681 1407 702 non
1430 671 1564 703 debetur
1582 671 1687 711 gratia
1713 681 1786 712 pro-

1008 725 1150 756 missioni
1174 726 1286 765 pretii,
1312 725 1375 756 nisi
1393 725 1516 757 ratione
1544 725 1786 766 persolutionis,

1008 781 1039 810 et
1067 779 1282 810 almndantior
1313 779 1445 811 debetur
1475 779 1636 820 persoluto
1663 779 1765 820 pretio
1778 803 1786 818 ,

1009 843 1107 874 quam
1122 834 1279 874 promisso
1289 845 1297 871 ;
1315 833 1391 864 111116
1408 835 1466 872 est,
1483 833 1567 874 quod
1583 833 1688 874 passio
1704 833 1790 865 Chri-

1009 887 1049 918 sti
1065 887 1280 918 immediatius
1296 887 1469 918 sanctificat
1493 889 1692 918 sacramenta
1707 889 1787 918 tem-

1010 941 1095 982 poris
1107 941 1190 981 legis
1200 950 1309 980 novae,
1326 943 1357 972 61
1369 941 1501 981 pleniori
1518 941 1667 980 gratiain
1681 941 1726 971 eis
1742 950 1791 972 16-

1010 995 1143 1026 dundat.
1161 994 1294 1035 Propter
1308 996 1393 1035 quod
1408 995 1462 1026 illa
1477 997 1745 1035 praeparaverunt
1761 996 1791 1025 61

994 1049 1229 1089 perduxerunt
1255 1049 1294 1080 ad
1315 1050 1404 1087 haec,
1432 1050 1513 1080 sicut
1540 1049 1591 1080 via
1614 1049 1654 1079 ad
1677 1047 1790 1079 termi-

1010 1111 1089 1133 num
1101 1126 1110 1140 ,
1128 1103 1210 1133 sicut
1228 1102 1361 1142 signum
1385 1103 1423 1134 ad
1447 1103 1629 1142 signatum,
1647 1102 1729 1133 sicut
1752 1102 1788 1132 fi-

1012 1166 1096 1196 gura
1112 1156 1148 1187 ad
1164 1156 1342 1195 veritatem,
1360 1158 1388 1187 et
1405 1156 1486 1187 sicut
1505 1156 1727 1197 imperfectum
1745 1164 1792 1186 re-

1011 1211 1098 1242 ducit
1112 1213 1141 1241 et
1156 1213 1316 1251 praeparat
1331 1211 1370 1242 ad
1386 1211 1574 1251 perfectum.

1268 1323 1428 1357 CAPUT
1463 1323 1529 1356 ΙΙΙ.

1073 1405 1109 1431 De
1128 1404 1360 1431 Sacramentorum
1379 1412 1487 1431 numero
1506 1406 1531 1430 et
1551 1403 1729 1431 distinctione.

1052 1481 1094 1512 De
1119 1481 1318 1512 distinctione
1342 1483 1449 1512 autem
1474 1483 1504 1512 et
1528 1491 1664 1512 numero
1687 1491 1790 1513 sacra-

1013 1535 1194 1565 mentorum
1210 1543 1304 1565 novae
1330 1534 1428 1573 legis,
1454 1534 1516 1564 1106
1531 1534 1705 1565 tenemium
1722 1538 1787 1572 est,

1012 1587 1095 1627 quod
1111 1587 1179 1627 ipsa
1188 1590 1262 1618 sunt
1272 1590 1403 1628 septem,
1415 1588 1592 1619 secundum
1606 1597 1790 1628 correspon-

1012 1641 1152 1671 dentiam
1167 1641 1205 1672 ad
1222 1641 1360 1680 gratiam
1381 1642 1598 1682 septiformem
1614 1667 1621 1680 ,
1640 1651 1713 1682 quae
1735 1651 1791 1682 per

1012 1695 1228 1735 septenarium
1243 1696 1397 1736 temporis
1412 1705 1470 1726 nos
1485 1696 1608 1726 reducit
1624 1696 1663 1727 ad
1677 1696 1792 1736 prinei-

1013 1749 1120 1788 pium,
1138 1749 1280 1789 quietem
1296 1752 1326 1780 et
1345 1749 1501 1780 circulum
1518 1749 1705 1780 {eternitatis
1717 1774 1724 1788 ,
1747 1750 1790 1780 si-

1012 1805 1065 1834 cut
1088 1803 1127 1834 ad
1150 1806 1295 1835 octavam
1320 1804 1562 1834 resurrectionis
1586 1804 1790 1836 universalis,

1013 1856 1136 1888 Horum
1167 1859 1274 1888 autem
1311 1859 1586 1888 sacramentorum
1610 1859 1714 1897 Janua
1747 1860 1792 1889 est

1012 1909 1204 1949 Baptismus,
1218 1909 1332 1939 deinde
1346 1908 1561 1947 Confirmatio,
1579 1909 1789 1947 Eucharistia,

1013 1962 1215 2000 Poennentia,
1234 1961 1344 1992 Unctio
1361 1964 1522 2000 extrema,
1541 1962 1624 1993 Ordo
1640 1964 1671 1993 61
1688 1962 1793 1993 Matri-

1014 2016 1158 2048 monium
1172 2027 1178 2046 :
1194 2016 1279 2056 quod
1296 2015 1368 2046 licet
1384 2015 1497 2046 ultimo
1511 2015 1682 2047 collocetur
1695 2026 1792 2056 prop-

1014 2074 1059 2101 ter
1075 2071 1224 2101 morbum
1240 2070 1504 2110 eoncupiscentiae
1530 2079 1694 2101 annexum
1706 2095 1714 2108 ,
1742 2072 1791 2111 ip-

1013 2135 1084 2156 sum
1105 2127 1212 2156 tamen
1227 2124 1286 2154 suit
1306 2125 1378 2154 ante
1401 2124 1509 2154 onmia
1523 2124 1742 2155 introductum
1759 2125 1791 2155 in

1014 2179 1163 2209 paradiso
1174 2202 1183 2216 ,
1201 2178 1297 2208 etiam
1312 2180 1386 2207 ante
1402 2179 1580 2217 peceatum.

1055 2232 1143 2262 Ratio
1164 2234 1272 2262 autem
1293 2231 1332 2261 ad
1356 2231 1600 2269 intelligentiam
1628 2232 1793 2271 [1116111610-

1014 2295 1087 2316 1·6111
1104 2285 1173 2316 haeo
1188 2287 1236 2315 est
1254 2295 1260 2315 1
1277 2284 1352 2324 quia
1367 2283 1560 2323 principium
1575 2287 1722 2315 nostrum
1738 2295 1792 2316 re-

1015 2341 1216 2381 paratNum,
1235 2343 1266 2370 61
1288 2339 1472 2370 curativum
1494 2342 1679 2371 nostrorum
1701 2351 1793 2372 mor·
1827 2356 1893 2376 Sum.

1014 2395 1149 2432 borum,
1172 2394 1314 2424 Christus
1330 2392 1503 2431 Dominus,
1527 2392 1668 2425 Verbum
1688 2395 1796 2426 incar·
1822 2387 1901 2408 ⁰³²⁰&

1818 2425 1826 2438 Ε

1014 2450 1141 2486 natum,
1158 2456 1232 2478 66111
1248 2447 1288 2477 511
1302 2446 1356 2477 Dei
1372 2446 1474 2477 virtus
1487 2470 1494 2483 ‚
1518 2449 1548 2477 61
1566 2447 1739 2487 sapientia,
1762 2451 1792 2480 61
1817 2420 1902 2501 iffi?

1014 2502 1231 2533 misericordia
1246 2504 1364 2539 nostra,
1377 2501 1420 2531 sie
1436 2503 1592 2541 potenter⁷
1610 2503 1655 2533 516
1670 2504 1793 2543 sapien·
1827 2518 1884 2531 mm.

1015 2558 1073 2594 ter,
1099 2556 1142 2586 sic
1165 2555 1347 2592 6166166161,
1378 2555 1421 2585 516
1445 2555 1592 2586 decenter
1618 2566 1677 2587 sua
1701 2558 1793 2587 debet

1014 2610 1178 2640 instituere
1197 2610 1395 2639 sacramenta
1412 2608 1444 2638 in
1460 2608 1533 2647 lege
1550 2610 1676 2649 gratiae,
1693 2613 1729 2641 61
1746 2611 1790 2641 111.

1015 2663 1057 2693 1111
1077 2672 1206 2703 prorsus
1223 2662 1299 2693 116511
1315 2662 1473 2692 curationi
1491 2666 1619 2700 nostrie,
1634 2672 1650 2702 q
1658 2665 1790 2694 uantum
