2003 3037
656 213 706 247 DE
727 216 989 250 connnprttm
1012 217 1187 252 PECCA'rl.

1665 224 1721 256 271

732 394 934 448 TERTIA
971 396 1108 449 PARS

861 517 893 537 ΙΝ
916 516 979 539 QUA

401 603 476 641 DE
521 602 902 642 CORRUPTELA
943 603 1182 643 PECCATI
1226 604 1439 646 AGITUR

323 818 466 852 CAPUT
490 818 678 852 PRIMUM.

261 904 299 930 De
323 904 427 938 oriyine
450 903 520 930 mali
543 905 572 930 in
595 905 737 930 communi.

150 981 443 1013 Praedeterminatis
453 981 557 1021 igitur
572 981 715 1013 breviter
730 981 891 1021 aliquibus

109 1036 148 1067 de
163 1035 304 1066 trinitate
319 1044 530 1076 personarum
544 1037 575 1065 et
589 1035 710 1066 unitate
726 1035 791 1074 Dei,
807 1038 838 1067 et
854 1036 892 1067 de

109 1090 254 1119 creatura
272 1089 311 1127 (a)
333 1088 465 1126 mundi,
483 1090 580 1119 restat
594 1097 681 1119 nunc
695 1089 801 1128 aliqua
819 1089 892 1120 bre-

109 1141 193 1172 viter
209 1144 345 1182 tangere
358 1142 396 1173 de
412 1141 592 1182 corruptela
604 1142 721 1182 peccati
733 1143 753 1173 ¹.
772 1143 813 1173 De
829 1153 892 1183 qua

108 1195 283 1227 tenendum
295 1196 384 1227 estin
397 1205 526 1226 summa
535 1221 542 1234 ‚
555 1196 640 1236 quod
651 1199 815 1236 peecatum
826 1207 891 1228 non

109 1250 156 1280 est
167 1250 304 1280 essentia
317 1250 433 1290 aliqua,
446 1250 499 1280 sed
510 1249 648 1281 defectus
659 1253 689 1281 et
699 1251 890 1291 corruptela,

109 1313 173 1343 qua
197 1304 315 1335 scilicet
340 1305 558 1345 corrumpitur
580 1304 693 1335 modus
721 1305 840 1345 species
862 1307 892 1335 et

110 1358 188 1388 ordo
202 1358 235 1388 in
252 1358 414 1389 voluntate
430 1361 535 1389 creata
551 1367 557 1388 :
575 1367 611 1389 ac
626 1367 682 1398 per
697 1358 758 1389 hoe
774 1359 891 1398 peceati

110 1411 271 1451 corruptio
286 1413 333 1442 est
347 1412 506 1442 contraria
521 1412 580 1452 ipsi
594 1412 687 1449 bono⁷
706 1421 768 1442 non
785 1415 891 1443 tamen

108 1463 205 1495 habet
220 1473 287 1495 csse
299 1465 361 1495 nisi
376 1465 408 1495 in
421 1465 516 1503 bono,
533 1474 591 1495 nec
601 1468 708 1496 ortum
722 1466 818 1496 trahit
828 1466 891 1496 nisi

109 1526 128 1548 a
143 1517 237 1548 bono.
256 1518 344 1555 Quod
359 1519 486 1558 quidem
499 1519 620 1549 bonum
634 1521 680 1549 est
690 1519 828 1550 liberum
845 1529 892 1550 ar-

109 1571 242 1602 bitrium
257 1572 440 1610 voluntatis,
457 1574 487 1602 et
504 1572 610 1611 ipsum
632 1582 689 1602 nec
704 1574 751 1602 est
766 1582 891 1603 summe

109 1624 243 1662 malum,
259 1634 333 1655 cum
342 1626 442 1664 possit
451 1625 530 1655 velle
544 1625 604 1655 bon
611 1635 680 1660 11m3
696 1635 754 1655 nec
765 1635 890 1657 summe

109 1677 241 1715 bonum,
255 1687 328 1707 curn
346 1678 444 1717 possit
457 1677 613 1708 declinare
628 1678 659 1708 iu
674 1679 808 1709 malum.

151 1731 242 1762 Ratio
256 1732 363 1761 autem
389 1731 428 1760 ad
453 1731 699 1770 intelligentiam
723 1733 889 1772 praedicto-

110 1794 184 1816 rum
195 1785 265 1816 haec
279 1788 324 1815 est
338 1796 344 1815 :
360 1785 434 1825 quia
446 1786 587 1825 primum
598 1787 804 1827 principium,
816 1797 890 1818 cum

111 1839 150 1869 sit
161 1848 217 1870 ens
230 1848 248 1869 a
261 1839 375 1878 scipso,
387 1848 451 1869 non
463 1839 503 1869 ab
514 1839 585 1877 alio,
603 1849 729 1870 necesse
744 1843 791 1871 est
806 1842 890 1881 quod

111 1893 152 1923 sit
166 1902 223 1923 ens
239 1896 368 1932 propter
389 1893 545 1932 seipsum,
564 1903 600 1923 ae
616 1903 672 1933 per
687 1895 746 1925 boc
765 1904 891 1926 summe

111 1946 252 1982 bonum,
274 1946 402 1976 nullum
426 1955 555 1986 prorsus
578 1948 699 1978 habeus
719 1948 887 1980 dvfectum.

112 1998 181 2030 Non
195 2002 241 2030 est
254 1999 357 2038 igitur
372 1999 504 2039 aliquid,
518 2010 576 2031 nec
591 2010 659 2032 esse
675 2004 787 2041 potest,
805 2003 890 2042 quod

111 2053 151 2083 sit
165 2053 317 2093 primum,
335 2056 365 2083 et
380 2062 505 2084 summe
521 2054 640 2084 malum
659 2064 665 2083 :
684 2056 758 2095 quia
773 2056 890 2095 princi—

111 2107 200 2145 pium
224 2107 364 2145 primum
390 2107 465 2137 dicit
490 2111 654 2137 summum
675 2108 890 2148 complemen-

113 2160 196 2196 tum,
218 2161 249 2189 et
263 2169 388 2190 summe
411 2160 532 2190 malum
556 2161 629 2191 dicit
644 2162 801 2191 defectum
818 2172 889 2201 per-

114 2212 305 2242 maximum.
332 2212 488 2249 Quoniam
511 2223 589 2251 ergo
605 2215 745 2253 primum
770 2216 891 2254 princi-

114 2266 215 2305 pium,
232 2267 266 2296 ut
283 2275 409 2296 summe
424 2275 480 2296 ens
502 2268 532 2296 et
547 2267 738 2305 completum
751 2291 760 2305 ,
784 2277 842 2298 nee
859 2268 890 2298 in

115 2319 258 2357 essendo,
271 2329 328 2350 nee
342 2319 376 2349 in
386 2319 546 2359 operando
559 2319 691 2351 deficere
708 2324 820 2361 potest,
836 2331 893 2352 nee

115 2382 240 2403 summe
256 2373 376 2404 malum
400 2375 461 2411 est,
482 2382 539 2403 nec
554 2374 682 2413 aliquod
700 2374 819 2404 malum
835 2377 891 2413 est,

116 2436 174 2457 nee
189 2427 296 2467 aliquo
313 2427 407 2458 modo
422 2428 542 2458 malum
564 2428 754 2469 principiare
771 2431 871 2468 potest
884 2440 890 2467 ;

117 2480 193 2519 quia
211 2482 316 2511 tamen
341 2481 543 2521 omnipotens
564 2484 625 2520 est,
650 2485 750 2522 potest
772 2483 894 2513 bonurn

118 2533 156 2564 de
169 2542 233 2563 non
247 2543 313 2565 esse
327 2535 360 2565 in
376 2544 445 2565 esse
461 2535 627 2573 deducere,
644 2536 740 2566 etiam
755 2536 822 2566 sine
837 2537 892 2567 ad-

118 2586 270 2617 miniculo
295 2587 430 2627 alicujus
451 2589 606 2620 materiae.
638 2589 727 2626 Quod
751 2595 780 2620 et
804 2590 893 2629 fecit,

152 2662 156 2674 ¹
179 2660 216 2684 Cf.
239 2661 312 2691 Aug„
333 2660 362 2683 de
383 2661 443 2685 Nat.
467 2661 524 2686 boni
542 2665 604 2688 conl.
629 2664 749 2694 Maniclz.,
770 2672 793 2692 c,
813 2670 848 2688 lv.
864 2676 895 2681 —

119 2698 127 2710 -’
140 2698 215 2727 Aug„
232 2696 262 2719 de
277 2703 329 2719 ver.
346 2696 437 2727 fleltq„
449 2705 471 2721 c.
489 2705 545 2723 8111.

947 828 1022 850 cum
1037 822 1217 851 ereaturam
1226 820 1330 859 finxit,
1343 822 1394 853 cui
1409 822 1494 854 dedit
1507 833 1586 863 esse,
1603 824 1724 863 vivere,

948 872 1130 912 intelligere
1158 875 1188 904 et
1212 874 1304 905 velle.
1330 874 1407 912 Quae
1434 877 1585 916 quidem,
1608 878 1684 917 quia
1707 887 1726 908 a

948 936 1076 957 summo
1092 927 1175 958 bono
1198 928 1258 958 suit
1274 929 1450 959 secundum
1474 930 1606 970 triplicis
1620 940 1725 962 causae

947 981 1186 1019 habitudinem;
1211 983 1352 1022 oportuit
1368 983 1452 1023 quod
1474 983 1606 1015 haberet
1620 985 1652 1014 in
1668 994 1726 1015 sua

948 1035 1126 1065 substantia
1140 1038 1170 1066 et
1185 1036 1349 1067 voluntate
1364 1037 1508 1076 modum,
1525 1038 1679 1078 speciem,
1695 1040 1727 1068 et

947 1088 1103 1120 ordinem.
1125 1088 1205 1119 Nata
1220 1099 1301 1129 ergo
1325 1091 1384 1121 suit
1405 1100 1501 1130 agere
1521 1101 1617 1131 opera
1636 1101 1693 1122 sua
1708 1101 1726 1122 a

947 1142 1020 1180 Deo,
1039 1143 1214 1174 secundum
1231 1143 1347 1182 Deum,
1364 1146 1394 1186 et
1410 1147 1538 1185 propter
1554 1145 1654 1175 Deum
1672 1157 1678 1175 ι
1697 1147 1727 1176 et

947 1196 1008 1226 hoc
1023 1198 1198 1228 secundum
1214 1198 1357 1235 niodum,
1370 1199 1519 1238 speciem,
1537 1201 1568 1229 et
1582 1199 1725 1230 ordinem

948 1250 1008 1280 sibi
1024 1250 1168 1281 insitum.
1184 1251 1245 1282 Sed
1259 1252 1336 1291 quia
1350 1252 1388 1282 de
1402 1252 1503 1283 nihilo
1517 1253 1576 1283 fuit
1591 1254 1622 1283 et
1641 1253 1726 1284 defe-

947 1305 1051 1343 ctiva,
1077 1305 1179 1345 potnit
1210 1305 1343 1336 deficere
1374 1306 1414 1335 ab
1446 1306 1571 1345 agendo
1600 1309 1727 1346 propter

948 1356 1064 1394 Deum,
1086 1360 1123 1388 ut
1137 1358 1254 1388 scilieet
1271 1358 1390 1398 aliquid
1407 1359 1520 1389 faceret
1536 1361 1665 1398 propter
1679 1369 1723 1397 se,

947 1419 1010 1440 non
1035 1414 1163 1451 propter
1189 1411 1301 1449 Ileu1n3
1320 1421 1355 1442 ac
1376 1421 1431 1451 per
1449 1412 1509 1442 hoc
1531 1422 1589 1443 nec
1611 1422 1629 1442 a
1648 1413 1723 1451 lieo,

947 1473 1004 1494 nec
1020 1465 1194 1495 secundum
1208 1465 1321 1503 Deum,
1339 1475 1397 1496 nec
1412 1469 1537 1506 propter
1556 1466 1654 1496 Deum
1670 1475 1676 1495 2
1696 1469 1726 1497 et

947 1518 1006 1548 hoc
1021 1521 1067 1548 est
1090 1526 1267 1557 peccatum,
1285 1519 1370 1559 quod
1385 1522 1430 1550 est
1447 1519 1528 1550 modi
1539 1544 1546 1557 ,
1564 1520 1677 1559 speciei
1693 1522 1724 1550 et

947 1572 1066 1602 ordinis
1092 1573 1324 1612 corruptivum.
1351 1573 1459 1611 Quod,
1485 1575 1560 1614 quia
1586 1574 1724 1604 defectus

946 1627 1008 1662 est,
1032 1626 1205 1656 nonhabet
1220 1636 1346 1656 causum
1364 1627 1563 1665 efficientem,
1581 1627 1632 1657 sed
1650 1627 1725 1657 ‹less-

947 1678 1095 1716 cicntem,
1113 1679 1256 1709 videlicet
1276 1680 1433 1710 desectum
1450 1680 1622 1710 voluntatis
1637 1689 1723 1710 erea-

946 1734 998 1762 tfe.
1016 1732 1096 1769 Quia
1107 1742 1182 1763 vero
1194 1734 1356 1773 corruptio
1367 1736 1423 1771 est,
1440 1736 1471 1764 et
1483 1743 1546 1764 non
1561 1734 1621 1764 nisi
1636 1734 1722 1772 boni,

947 1788 977 1815 θῖ
1000 1786 1104 1816 omnis
1130 1787 1291 1826 corruptio
1317 1786 1350 1816 in
1374 1796 1407 1817 re
1432 1787 1629 1826 corruptibili
1654 1789 1722 1825 est;

946 1839 1017 1868 ideo
1033 1848 1097 1869 non
1119 1839 1180 1869 nisi
1206 1840 1238 1869 in
1255 1840 1337 1870 bono
1352 1842 1419 1870 est:
1438 1850 1473 1870 ac
1494 1850 1548 1880 per
1565 1841 1633 1879 hoc,
1651 1851 1723 1871 cum

947 1892 1094 1922 voluntas
1104 1892 1203 1922 libera
1213 1896 1398 1932 corrumpat
1412 1894 1444 1923 in
1464 1894 1566 1933 seipsa
1579 1895 1721 1931 mollum,

946 1945 1082 1985 speciem
1098 1948 1128 1975 et
1144 1946 1298 1983 ordinem,
1314 1946 1487 1977 deficiendo
1500 1956 1519 1976 ει
1534 1956 1610 1977 vcro
1628 1947 1721 1985 bono,

947 2001 1110 2038 peccatum
1135 2008 1253 2035 omne,
1279 1999 1311 2028 in
1335 2002 1491 2038 quantum
1517 2000 1722 2039 hujusmodi,

947 2054 993 2082 est
1009 2061 1026 2081 a
1043 2052 1207 2082 voluntate
1222 2052 1302 2082 sicut
1318 2061 1336 2082 a
1353 2053 1455 2091 prima
1479 2053 1616 2092 origine,
1633 2057 1663 2084 et
1679 2057 1725 2085 est

948 2105 980 2135 in
992 2105 1154 2135 voluntate
1171 2105 1251 2135 sicut
1266 2105 1299 2135 in
1316 2106 1442 2144 proprio
1458 2107 1600 2146 subjecto
1618 2118 1623 2137 :
1640 2108 1723 2147 quod

948 2159 1077 2198 quidem
1092 2159 1165 2188 fucit
1182 2158 1339 2196 voluntas,
1357 2160 1484 2198 quando
1497 2170 1554 2190 sua
1569 2161 1726 2190 defectibi-

948 2211 1046 2241 litate.
1073 2212 1283 2241 mutabilitate
1311 2214 1341 2241 et
1369 2213 1588 2250 vertibilitate,
1619 2218 1724 2253 spreto

948 2264 1031 2294 bono
1046 2264 1243 2294 indeficiente
1262 2268 1291 2294 et
1306 2264 1574 2303 incommutabili,
1592 2266 1726 2297 inbaeret

949 2317 1032 2347 hono
1066 2318 1294 2348 commutabili.
1325 2317 1372 2348 Ex
1403 2318 1520 2357 quibus
1543 2319 1723 2358 colligitur,

949 2371 1034 2410 quod
1052 2373 1214 2410 peccatum
1238 2380 1301 2401 non
1324 2374 1370 2401 est
1393 2372 1543 2411 appetitio
1567 2373 1726 2403 malarum

950 2432 1078 2461 rerum,
1102 2424 1155 2453 sed
1179 2424 1314 2454 desertio
1335 2424 1521 2462 melio1·u1n;
1545 2427 1575 2455 et
1601 2426 1669 2456 ideo
1693 2426 1728 2456 in

951 2477 1091 2516 appetitu
1108 2477 1279 2507 voluntatis
1295 2480 1340 2507 est
1354 2478 1457 2514 modi,
1473 2478 1587 2517 speciei
1601 2482 1629 2508 et
1645 2480 1728 2510 ordi-

951 2530 1000 2560 nis
1013 2531 1254 2570 corruptivum3
1271 2540 1306 2561 ac
1322 2540 1378 2570 per
1393 2531 1453 2561 hoc
1467 2532 1477 2547 ⁹
1492 2532 1569 2562 adeo
1585 2532 1728 2563 volunta-

952 2584 1047 2622 rium,
1065 2585 1149 2624 quod
1164 2585 1190 2615 si
1202 2594 1266 2615 non
1277 2586 1324 2614 est
1336 2584 1565 2623 voluntarium,
1579 2587 1647 2625 jam
1663 2596 1727 2617 non

952 2641 997 2669 est
1014 2641 1188 2678 peccatum.
1208 2639 1264 2670 His
1279 2640 1386 2670 autem
1401 2640 1646 2678 praeffltellectis,
1659 2649 1723 2671 ma-

981 2702 1010 2731 (ιι)
1028 2703 1086 2724 Cat.
1101 2702 1161 2725 erat.
1178 2704 1207 2725 de
1224 2702 1333 2725 trinitate
1351 2701 1403 2731 uei,
1418 2704 1441 2725 et
1457 2704 1580 2725 creatum.

1750 2065 1833 2086 peccati

1748 2097 1808 2122 origo
1819 2098 1840 2115 et

1749 2128 1833 2153 subjec-

1767 2161 1818 2177 tum.
