2003 3037
94 959 152 980 Ordo

68 991 129 1018 quid.

92 1447 152 1466 Ton-

69 1483 121 1498 sura
130 1477 175 1498 cle-

69 1509 148 1529 riculis,

687 176 738 209 DE
762 174 956 208 MEDICINA
977 173 1296 209 SACRAMENTALI.

185 251 301 289 sanda,
319 259 385 282 non
406 248 701 290 qualitercumque3
722 243 776 276 sed
798 252 836 275 eo
857 243 963 282 modo,

184 313 249 345 quo
277 302 429 343 exigebat
455 300 551 340 ordo,
582 297 727 332 discretio
754 298 785 329 et
814 298 963 337 potestas.

187 358 331 399 Oportuit
353 365 433 397 ergo
457 355 580 395 aliquas
603 361 757 394 personas
783 351 822 382 ad
847 351 963 391 hujus-

187 412 273 444 modi
288 411 430 443 ossscium
450 408 674 450 exequendum
697 405 854 445 distingui
870 406 900 435 et
915 413 966 435 se-

190 466 337 507 gregari,
358 464 474 505 quibus
486 461 647 494 ordinario
658 461 733 501 jure
746 460 886 500 potestas
900 458 966 489 hu-

186 519 326 561 jusmodi
337 518 600 550 committeretur.

229 573 268 606 Et
286 572 364 613 quia
387 569 575 611 hujusmodi
598 568 745 600 discretio
769 576 835 598 non
858 566 968 598 debuit

189 628 274 666 fieri,
294 626 355 658 nisi
373 634 429 666 per
451 624 546 664 signa
564 632 668 662 sacra,
693 620 873 662 cuiusmodi
892 622 969 652 sunt

189 681 401 717 sacramenta3
418 678 494 710 hinc
511 680 576 717 est,
602 677 687 718 quod
701 675 811 708 debuit
825 684 892 706 esse
908 675 967 706 ali-

188 735 274 776 quod
296 734 548 770 sacramentum,
571 731 658 772 quod
679 734 760 761 esset
779 738 907 760 sacrum
925 729 966 760 si-

190 788 378 829 gnaculum,
395 786 622 824 ordinativum,
637 784 857 816 distinctivum
871 785 902 814 et
915 792 968 823 po-

188 841 391 879 testativum,
415 840 454 871 ad
477 839 676 870 sacramenta
698 838 814 868 caetera
838 837 968 876 dispen-

189 894 288 925 sanda
302 893 397 924 modo
412 890 610 928 distinctivo,
628 889 819 930 potestativo
834 890 864 919 et
878 888 967 919 ordi-

189 949 310 981 nativo.
331 948 370 979 Et
390 948 460 978 ideo
484 946 562 977 ordo
583 944 739 976 diffinitur
764 943 968 983 signaculum

189 1002 367 1043 quoddam,
392 1001 426 1031 in
449 1008 513 1040 quo
536 997 710 1039 spiritualis
734 998 872 1037 potestas
900 998 968 1027 tra-

189 1057 275 1088 ditur
291 1055 455 1086 ordinato:
475 1053 520 1084 ila
534 1052 620 1093 quod
635 1051 732 1082 simul
746 1050 780 1081 in
798 1051 868 1090 ejus
881 1049 968 1080 noti-

190 1110 336 1141 ficatione
355 1108 548 1140 clauduntur
564 1105 627 1137 tria
645 1104 812 1146 praedicta,
836 1113 877 1134 ex
894 1103 968 1143 qui-

191 1165 253 1196 bus
267 1163 378 1203 colligi
393 1164 527 1203 possunt
540 1162 574 1192 in
588 1169 727 1198 summa,
744 1167 818 1200 quae
832 1158 871 1190 ad
887 1158 967 1188 inte-

191 1218 341 1257 gritatem
355 1216 474 1247 ordinis
488 1215 678 1254 exiguntur.
694 1212 839 1244 Primum
853 1211 967 1251 igitur,

190 1271 344 1312 quoniam
360 1269 437 1300 ordo
453 1270 499 1299 est
513 1267 717 1307 signaculum
736 1265 966 1302 distinctivum,

190 1327 221 1356 et
236 1323 504 1364 sequestrativum
522 1322 561 1353 ab
583 1321 671 1352 omni
693 1319 829 1361 populo,
846 1320 884 1350 ut
898 1318 969 1359 quis

190 1378 328 1410 totaliter
347 1377 455 1408 divino
478 1376 518 1406 sit
540 1375 639 1406 cultui
662 1374 877 1414 mancipatus3
898 1373 969 1404 ideo

191 1432 317 1464 ordines
331 1430 482 1471 praecedit
500 1429 657 1461 distinctio
678 1428 828 1469 quaedam
848 1427 882 1458 in
896 1429 967 1458 ton-

190 1495 266 1517 sura
284 1486 314 1516 et
331 1493 463 1522 corona,
481 1493 538 1524 per
554 1492 652 1523 quam
666 1482 856 1521 intelligitur
871 1490 967 1521 appe-

190 1541 309 1571 tituum
337 1538 565 1578 temporalium
594 1536 765 1574 resecatio,
795 1538 826 1567 et
854 1536 970 1566 mentis

190 1586 324 1625 elevatio
343 1592 383 1623 ad
397 1594 533 1628 aeterna,
550 1592 586 1621 ut
604 1592 690 1621 totus
708 1589 892 1621 ostendatur
906 1589 969 1620 cle-

190 1648 277 1678 ricus
297 1647 467 1686 deputatus
489 1653 558 1675 esse
581 1644 621 1675 ad
645 1644 791 1675 divinum
818 1643 940 1674 cultum
959 1655 965 1674 ε

191 1701 261 1732 ideo
277 1699 352 1730 dicit
366 1699 399 1728 in
413 1697 613 1737 susceptione
627 1705 752 1728 coronae
764 1697 791 1727 ¹:
810 1698 969 1729 Dominus

190 1761 268 1795 pars
291 1751 491 1785 haereditatis
513 1759 601 1783 τηεσε.
627 1751 665 1782 Et
681 1751 758 1791 quia
782 1750 853 1781 tells
877 1751 969 1782 debet

192 1817 259 1840 esse
288 1808 460 1838 instructus
488 1806 522 1836 in
549 1805 667 1836 divinis
694 1805 863 1843 laudibus,
896 1814 969 1845 quae

193 1862 332 1892 maxime
357 1860 533 1891 consistunt
553 1859 587 1889 in
607 1858 759 1897 Psalmis;
784 1858 854 1889 ideo
879 1858 969 1889 Psal-

194 1916 354 1952 mistatus,
382 1916 535 1953 tanquam
569 1911 807 1952 praeambulans
838 1913 969 1942 caeteros

192 1970 330 2006 ordines,
347 1967 516 2005 antecedit,
533 1976 629 2007 quem
644 1968 750 1997 tamen
765 1966 856 2006 largo
872 1967 969 1998 modo

192 2023 331 2054 Isidorus
344 2023 353 2039 ²
368 2022 450 2052 inter
467 2021 595 2052 ordines
610 2020 804 2050 numeravit.
822 2019 969 2051 Secundo

193 2085 281 2113 vero,
309 2075 386 2115 quia
409 2074 487 2105 ordo
511 2075 558 2104 est
585 2073 787 2113 signaculum
815 2073 969 2104 ordinati-

193 2138 289 2166 vum,
305 2130 336 2159 et
356 2129 390 2158 in
410 2128 512 2168 seipso
536 2127 632 2158 etiam
652 2128 699 2157 est
717 2126 916 2165 ordinatum;
940 2129 971 2157 et

193 2182 271 2212 ordo
287 2180 429 2211 consistit
442 2181 475 2210 in
493 2180 656 2219 graduum
671 2180 853 2219 disparitate
866 2182 896 2210 et
910 2181 971 2211 dis-

193 2235 345 2266 tinctione
365 2234 539 2274 completa,
563 2234 740 2264 secundum
761 2234 845 2273 quod
870 2234 971 2273 exigit

193 2288 383 2329 septiformis
398 2287 518 2327 gratia,
535 2287 575 2318 ad
597 2288 688 2327 cujus
705 2287 971 2327 dispensationem

193 2343 428 2374 sacramentum
470 2340 589 2371 ordinis
630 2340 846 2380 principaliter
886 2341 970 2372 ordi-

193 2398 287 2427 natur
305 2407 311 2426 :
334 2395 409 2426 hinc
424 2396 486 2432 est,
510 2394 596 2434 quod
619 2396 740 2434 septem
755 2396 829 2425 sunt
845 2395 972 2426 ordines

195 2449 356 2489 gradatim
368 2448 504 2478 ordinati
518 2456 620 2487 usque
635 2447 672 2478 ad
693 2448 920 2486 sacerdotium,
939 2449 972 2479 in

196 2511 260 2542 quo
274 2503 375 2532 status
390 2503 435 2532 est
448 2500 610 2538 ordinum,
628 2501 703 2540 quia
719 2501 819 2540 ipsius
834 2504 880 2532 est
894 2511 972 2532 con-

197 2563 319 2585 secrare
346 2556 582 2585 sacramentum
611 2554 751 2593 corporis
775 2553 908 2593 Christi,
940 2556 973 2586 in

199 2617 263 2647 quo
276 2609 322 2638 est
336 2607 500 2648 plenitudo
513 2607 658 2639 omnium
674 2607 869 2647 gratiarum:
888 2609 973 2640 unde

233 2670 239 2686 ¹
259 2669 326 2695 Psal.
346 2675 388 2700 xv,
403 2672 425 2695 5.
442 2684 472 2688 —
487 2670 495 2684 ²
509 2670 580 2700 lsid.‚
595 2670 624 2693 (le
639 2670 731 2695 Eccles.
747 2670 815 2701 Offic.

1741 177 1798 208 327

1020 242 1075 274 alii
1098 252 1155 274 sex
1180 246 1255 275 sunt
1279 246 1433 284 tanquam
1463 242 1748 282 subministrativi,
1770 245 1802 275 et

1020 297 1111 337 quasi
1133 297 1254 336 gradus
1276 296 1422 337 quidam,
1442 305 1500 337 per
1520 305 1601 337 quos
1621 296 1802 328 ascenditur

1021 350 1062 382 ad
1089 351 1245 383 thronum
1271 350 1460 382 Salomonis.
1486 350 1565 389 Qui,
1597 352 1628 382 et
1648 359 1704 382 sex
1727 353 1803 382 sunt

1021 407 1151 445 propter
1165 404 1293 436 numeri
1308 404 1546 444 perfectionem,
1561 403 1637 444 quia
1654 404 1801 436 senarius

1022 459 1068 488 est
1091 458 1216 498 primus
1241 467 1399 489 numerus
1420 458 1592 498 perfectu53
1620 460 1651 490 et
1674 460 1803 499 propter

1022 512 1098 550 hoc,
1115 512 1201 552 quod
1215 511 1259 542 sic
1278 511 1380 551 exigit
1399 511 1548 552 perfectio
1567 513 1598 542 et
1612 511 1803 543 sufficientia

1022 565 1118 597 osticii
1137 565 1352 596 ministrandi.
1369 565 1448 597 Nam
1462 567 1586 605 oportet
1600 565 1724 606 aliquos
1740 566 1802 596 mi-

1022 619 1157 650 nistrare
1176 619 1270 660 quasi
1290 628 1310 650 a
1326 619 1507 657 remotiori;
1533 618 1674 659 aliquos,
1690 627 1709 649 a
1725 627 1800 658 pro-

1023 671 1198 712 pinquiori;
1224 673 1256 703 et
1279 672 1403 713 aliquos
1427 681 1446 703 a
1468 672 1632 712 proximo,
1658 673 1696 703 ut
1721 671 1803 703 nihil

1023 725 1103 757 desit
1119 725 1297 757 ministerio
1312 725 1469 757 ordinato.
1487 725 1525 757 Et
1544 726 1622 766 quia
1640 725 1803 766 quodlibet

1023 778 1159 810 istorum
1169 779 1421 810 ministeriorum
1432 779 1617 819 geminatur
1625 779 1803 810 secundum

1024 834 1131 864 actum
1145 832 1309 873 purgandi
1324 834 1355 864 et
1368 832 1547 870 illumandi,
1565 831 1642 863 hinc
1656 833 1704 863 est
1717 833 1804 872 quod

1025 896 1081 919 sex
1097 889 1171 918 sunt
1185 887 1312 918 ordines
1336 886 1575 925 ministeriales,
1601 888 1633 917 et
1651 886 1805 926 septimus

1025 942 1171 972 omnium
1186 940 1450 981 perfectissimus,
1471 939 1505 970 in
1527 949 1592 980 quo
1607 939 1714 971 altaris
1727 949 1802 971 con-

1024 994 1130 1025 ficitur
1152 994 1403 1031 sacramentum,
1431 992 1486 1032 qui
1510 994 1752 1024 consummatur
1771 994 1805 1024 in

1025 1048 1135 1079 ordine
1154 1056 1236 1085 uno,
1257 1048 1411 1087 tanquam
1435 1046 1468 1076 in
1487 1045 1624 1077 termino
1645 1046 1759 1078 ultimo
1774 1049 1806 1078 et

1025 1100 1191 1141 completo.
1626 1139 1636 1150 ·

1065 1154 1244 1193 Postremo,
1265 1154 1340 1194 quia
1358 1153 1436 1184 ordo
1454 1154 1501 1184 est
1519 1153 1726 1192 signaculum
1748 1163 1805 1194 po-

1025 1208 1225 1247 testativum,
1251 1217 1317 1239 non
1343 1209 1470 1238 tantum
1495 1208 1640 1246 respectu
1667 1207 1805 1238 aliorum

1025 1264 1300 1294 sacramentorum
1343 1260 1647 1302 dispensandorum,
1690 1268 1805 1291 verum

1025 1316 1121 1347 etiam
1135 1319 1281 1356 respectu
1297 1315 1364 1353 sui;
1382 1317 1413 1346 et
1431 1315 1570 1355 potestas
1585 1322 1681 1354 super
1699 1315 1804 1354 potes-

1026 1373 1124 1402 tatem
1144 1373 1193 1402 est
1212 1371 1349 1411 potestas
1368 1368 1546 1400 excellens:
1566 1368 1636 1399 ideo
1656 1368 1716 1398 sibi
1740 1376 1805 1399 non

1025 1428 1148 1457 tantum
1177 1424 1326 1464 competit
1352 1425 1490 1463 potestas
1513 1421 1664 1462 simplex,
1696 1423 1805 1461 cujus-

1026 1479 1111 1510 modi
1135 1480 1182 1509 est
1205 1479 1239 1509 in
1261 1478 1373 1509 ordine
1395 1476 1548 1516 simplici,
1572 1484 1687 1506 verum
1709 1475 1805 1506 etiam

1026 1533 1201 1564 eminentia
1215 1531 1389 1572 potestatis,
1406 1529 1585 1570 cujusmodi
1597 1531 1645 1560 est
1654 1528 1716 1566 his,
1730 1538 1806 1569 quo-

1026 1596 1100 1618 rum
1117 1589 1165 1617 est
1184 1586 1312 1617 ordines
1333 1585 1480 1616 ordinare
1499 1586 1530 1614 et
1550 1583 1742 1623 dispensare.
1767 1582 1804 1614 Et

1026 1641 1102 1682 quia
1130 1640 1315 1671 excellentia
1345 1640 1464 1679 quanto
1495 1637 1601 1676 magis
1624 1636 1802 1675 descendit,

1027 1697 1112 1725 lanto
1132 1694 1236 1733 magis
1256 1693 1421 1730 dilatatum
1442 1694 1473 1722 et
1491 1692 1611 1731 quanto
1631 1690 1738 1728 magis
1753 1699 1805 1720 as-

1026 1748 1146 1786 cendit,
1163 1749 1251 1779 tanto
1270 1747 1376 1786 magis
1391 1745 1521 1777 unitur:
1542 1744 1617 1775 hinc
1636 1746 1696 1783 est,
1721 1744 1807 1784 quod

1026 1803 1133 1843 plures
1158 1804 1233 1833 sunt
1259 1800 1414 1841 episcopi,
1443 1798 1608 1840 pauciores
1631 1797 1805 1837 archiepis-

1026 1857 1112 1897 copi,
1136 1856 1320 1897 paucissimi
1334 1853 1539 1895 patriarchae,
1562 1854 1593 1883 et
1610 1861 1697 1883 unus
1717 1853 1808 1892 pater

1026 1913 1173 1951 patrum,
1197 1911 1253 1950 qui
1279 1909 1364 1949 Papa
1384 1907 1497 1939 merito
1521 1905 1709 1946 appellatur,
1735 1907 1807 1935 tan-

1027 1973 1124 2004 quam
1140 1972 1226 1994 unus
1240 1963 1363 2003 primus
1381 1964 1411 1992 et
1432 1967 1580 1991 summus
1598 1958 1691 1989 Pater
1711 1958 1807 1998 spiri-

1026 2018 1123 2049 tualis
1143 2017 1288 2048 omnium
1309 2017 1453 2056 patrum,
1475 2014 1541 2044 imo
1561 2012 1708 2044 omnium
1728 2011 1807 2042 fide-

1027 2072 1124 2109 lium,
1142 2073 1174 2102 et
1187 2070 1356 2101 hierarcha
1369 2068 1563 2109 praecipuus,
1581 2074 1719 2106 sponsus
1731 2065 1805 2096 uni-

1028 2135 1098 2164 cus,
1129 2127 1223 2165 caput
1251 2124 1439 2162 indivisum,
1472 2122 1619 2153 Pontifex
1645 2128 1804 2157 summus,

1029 2179 1141 2210 Christi
1155 2178 1306 2215 vicarius,
1320 2178 1404 2214 fons,
1421 2178 1452 2206 et
1466 2175 1568 2214 origo,
1586 2177 1617 2205 et
1634 2174 1672 2213 (a)
1690 2173 1807 2212 regula

1029 2232 1217 2261 cunctorum
1238 2229 1476 2268 principatuum
1496 2225 1803 2257 ecclesiasticorum:

1029 2293 1047 2314 a
1062 2291 1125 2323 quo
1141 2285 1297 2322 tanquam
1311 2290 1330 2312 a
1344 2289 1471 2311 summo
1481 2279 1644 2310 derivatur
1659 2277 1807 2309 ordinata

1029 2338 1167 2377 potestas
1181 2345 1284 2376 usque
1303 2336 1342 2366 ad
1362 2335 1473 2365 infima
1486 2333 1633 2364 Ecclesiae
1648 2332 1806 2370 membra,

1029 2390 1206 2420 secundum
1230 2389 1316 2429 quod
1339 2388 1441 2428 exigit
1462 2387 1646 2428 praecellens
1670 2386 1808 2427 dignitas

1030 2446 1063 2476 in
1076 2445 1286 2476 ecclesiastica
1301 2444 1489 2475 hierarchia.

1070 2501 1108 2532 Et
1129 2501 1203 2541 quia
1222 2501 1290 2531 haec
1306 2500 1447 2539 dignitas
1468 2498 1629 2539 praecipue
1648 2499 1756 2528 manet
1776 2497 1809 2526 in

1030 2555 1158 2593 ordine,
1185 2554 1255 2585 ideo
1282 2554 1342 2584 hoc
1364 2554 1600 2584 sacramentum
1624 2560 1689 2581 non
1717 2550 1809 2580 debet

1030 2608 1220 2648 dispensari,
1242 2607 1303 2637 nisi
1327 2616 1401 2637 cum
1423 2615 1544 2645 magna
1567 2604 1756 2636 discretione
1779 2605 1809 2634 et

1065 2672 1098 2701 (a)
1116 2671 1177 2695 Caet.
1194 2671 1253 2695 edic.
1271 2670 1337 2693 deest
1353 2672 1386 2693 et.

1844 1594 1902 1615 Ordo

1829 1626 1915 1646 hierar-

1820 1657 1873 1677 ehiae
1894 1663 1928 1677 ec-

1820 1688 1926 1708 clesiasli>

1820 1725 1858 1739 cae.

1842 2132 1906 2150 Sum-

1848 2167 1898 2181 mus

1823 2192 1922 2213 Pontifex

1835 2225 1857 2244 et
1867 2224 1915 2250 ejus

1822 2255 1929 2282 primatus

1856 2507 1930 2526 Sacra-

1824 2537 1892 2558 menti
1898 2543 1931 2557 or-

1824 2568 1932 2588 dinisdis-

1824 2600 1923 2625 pensatio
