2003 3037
82 556 103 578 M
108 555 158 577 undi

69 589 166 608 creatura

82 624 166 645 compa-

69 652 129 670 ratur
152 649 175 670 li-

96 681 143 702 bro.

79 1252 167 1273 cream-

91 1289 119 1302 ra:
132 1283 158 1302 ud

85 1316 166 1333 cronlo-

74 1351 118 1365 rcm
145 1345 180 1364 tri-

84 1409 171 1432 possunt

75 1443 183 1464 compara-

187 207 249 242 2⁷0

423 332 448 366 C
457 333 487 366 A
498 331 525 366 P
534 330 565 365 U
574 330 602 364 T
636 329 670 364 X
678 329 694 362 I
703 329 730 363 1.

238 415 278 443 De
295 414 471 449 completione
490 414 514 440 et
533 411 706 439 ordinatione
722 410 804 438 totius
821 407 918 436 mundi

485 457 672 486 consummati.

229 538 279 570 Ex
292 538 454 580 praedictis
464 536 573 577 colligi
588 537 702 577 potest,
721 534 807 575 quod
822 535 969 564 creatura

189 593 301 624 mundi
317 595 364 623 est
385 591 478 632 quasi
497 590 628 631 quidam
642 589 742 626 liber,
758 587 791 618 in
806 596 872 628 quo
886 586 970 618 relu-

190 649 249 684 cet,
266 647 516 686 repraesentatur
530 646 561 675 et
580 643 701 682 legitur
714 640 850 672 Trinitas
873 640 970 671 fabri-

189 699 293 730 catrix
309 698 486 730 secundum
503 697 660 737 triplicem
681 695 821 735 gradum
835 703 970 734 expres-

190 753 302 792 sionis,
316 752 433 784 scilicet
441 760 498 792 per
509 750 641 782 modum
651 748 790 788 vestigii,
804 747 969 787 imaginis,

189 809 220 838 et
235 806 480 838 similitudinis:
503 806 546 836 ita
571 803 658 844 quod
672 802 753 834 ratio
767 801 895 841 vestigii
916 810 972 832 re-

190 860 315 900 peritur
325 861 357 891 in
369 859 523 891 creaturis
536 857 701 895 omnibus3
718 856 799 887 ratio
807 855 970 894 imaginis,

191 914 295 945 solum
307 914 340 944 in
354 912 640 949 intellectualibus,
657 911 725 941 sive
739 909 904 950 spiritibus
919 917 970 939 ra-

190 967 384 1006 tionalibus3
408 969 440 998 et
466 966 546 997 ratio
569 964 805 1001 similitudinis,
835 963 867 993 in
898 962 973 993 solis

191 1021 413 1059 deiformibus,
429 1030 470 1051 ex
484 1020 621 1060 quibus,
639 1019 729 1059 qnasi
747 1027 802 1058 per
817 1017 972 1058 quosdam

191 1075 327 1106 scalares
343 1075 475 1114 gradus,
494 1077 589 1105 natus
604 1075 650 1103 est
666 1072 843 1102 intellectus
854 1071 972 1102 huma-

191 1138 253 1160 nus
268 1128 426 1168 gradatim
442 1127 611 1158 ascendere
626 1127 658 1156 in
672 1133 837 1156 summum
854 1124 971 1164 princi-

192 1183 294 1223 pium,
311 1182 396 1222 quod
411 1184 459 1212 est
474 1181 569 1212 Deus.
598 1173 605 1178 ¹

235 1236 325 1267 Ratio
349 1239 456 1267 autem
479 1235 518 1265 ad
541 1233 785 1273 intelligentiam
806 1232 973 1272 praedicto-

195 1299 268 1321 rum
289 1289 360 1321 haec
387 1292 435 1320 est
457 1299 462 1319 ;
489 1287 564 1328 quia
587 1296 661 1317 cnm
685 1295 797 1317 omnes
820 1287 975 1316 creaturae

149 1382 172 1394 u·
196 1347 375 1384 respectum
389 1344 527 1374 habeant
539 1346 570 1373 et
580 1342 821 1381 dependentium
830 1341 868 1370 ad
879 1349 975 1371 suum

197 1401 369 1429 creatorem
381 1421 388 1435 ,
405 1397 569 1438 tripliciter
587 1398 717 1436 possunt
739 1394 918 1435 comparari
937 1394 975 1425 ad

198 1452 316 1492 ipsum,
331 1451 448 1482 seilicvt
461 1462 467 1482 :
481 1451 624 1481 :unstrut
637 1449 675 1479 ad
690 1448 882 1489 principium
893 1457 978 1478 crea-

197 1505 315 1543 tivnm;
348 1507 402 1536 aut
428 1505 509 1535 sicut
536 1504 572 1534 ad
603 1503 764 1542 obJectnm
794 1502 975 1538 motivum,

197 1561 253 1590 aut
272 1559 353 1589 sicut
372 1558 410 1588 ad
433 1558 554 1588 donum
580 1556 840 1586 inliabitativum.
871 1553 978 1585 Primo

198 1612 293 1643 modo
327 1614 530 1653 comparatur
565 1611 603 1641 ad
635 1611 741 1650 ipsum
773 1609 877 1640 omnis
908 1610 979 1647 ejus

198 1666 329 1697 effectus
348 1677 355 1703 ;
390 1665 529 1696 secumlo
564 1664 657 1694 modo
675 1688 683 1701 ,
717 1663 821 1693 omnis
854 1662 977 1692 intelle-

198 1722 283 1757 ctus;
300 1719 393 1750 tertio
416 1719 525 1755 modu,
552 1717 656 1747 omnis
681 1716 812 1756 spiritns
827 1716 934 1755 justus
950 1717 981 1745 vt

200 1772 262 1803 Deo
282 1775 439 1812 acceptus.
467 1771 576 1803 Omnis
595 1771 680 1800 cnini
703 1770 850 1805 effectus,
876 1778 978 1808 quan-

200 1828 409 1866 tumcumque
434 1834 547 1865 parum
572 1824 692 1855 liabens
716 1823 753 1853 ule
776 1832 858 1859 csse,
886 1822 982 1852 habet

201 1878 300 1909 Deum
323 1879 405 1909 sicut
425 1878 637 1918 principium;
658 1876 763 1907 omnis
783 1875 978 1906 intellectus.

201 1936 499 1972 quantumcumque
515 1940 628 1971 parum
650 1931 773 1961 habens
793 1930 831 1959 dc
847 1929 980 1966 lumine,

201 1989 294 2016 natus
310 1989 355 2016 ost
372 1995 426 2025 per
442 1985 660 2023 cognitionem
677 1986 707 2014 et
722 1992 865 2013 amorum
881 1982 980 2013 Deum

201 2049 326 2079 capere;
347 2039 452 2069 omnis
470 2038 602 2078 spiritns
614 2038 720 2076 justus
735 2039 764 2067 ct
780 2038 908 2066 sanctus
925 2035 982 2065 lia-

204 2092 257 2122 het
271 2092 391 2123 donum
414 2092 550 2131 Spiritus
574 2091 673 2121 sancti
694 2090 835 2120 infusum
857 2089 928 2119 sibi.
946 2088 983 2119 Et

202 2146 355 2185 quoniam
376 2147 521 2176 creatura
545 2144 663 2175 habore
678 2153 741 2173 non
758 2145 860 2183 potest
882 2143 982 2173 Deum

203 2201 283 2230 sicut
295 2200 498 2239 principium,
511 2200 588 2239 quin
599 2200 822 2237 configuretur
832 2197 859 2227 ei
871 2206 983 2227 seeun-

203 2252 279 2282 dum
295 2252 465 2289 unitatem,
484 2253 650 2283 veritatem
667 2255 695 2282 et
718 2251 907 2288 bonitatem3
927 2260 984 2281 nec

206 2305 301 2335 [lcum
318 2306 399 2336 sicut
416 2306 593 2345 objectum,
614 2306 692 2345 quin
708 2315 782 2336 enni
808 2305 912 2344 capiat
927 2313 983 2344 per

206 2359 412 2393 nuenioriani,
437 2359 683 2397 intelligentiam
709 2362 738 2389 ct
762 2359 981 2395 voluiitate1112

206 2421 263 2441 noc
279 2411 377 2441 Deum
394 2412 473 2442 sicut
488 2412 609 2443 donum
626 2413 776 2449 infusum,
793 2412 873 2451 quin
889 2413 985 2442 conti-

209 2467 345 2504 guretur
369 2465 396 2494 ei
421 2474 476 2504 por
500 2465 612 2503 tidem,
628 2474 717 2504 spem
737 2467 767 2496 et
782 2465 982 2503 charitatem,

776 195 1029 238 BREVILOQUH
1051 198 1155 232 PARS
1175 197 1215 231 ll.

1023 267 1092 299 sive
1104 275 1162 308 per
1174 267 1333 309 triplicem
1348 267 1478 299 dotem:
1499 268 1532 299 et
1550 265 1657 308 prima
1674 267 1801 301 amisor-

1024 321 1118 352 mitas
1127 323 1176 352 est
1183 321 1372 362 longinqua,
1385 321 1523 353 secunda
1536 321 1728 362 propinqua,
1739 323 1802 355 ter·

1023 375 1067 406 tia
1078 374 1228 415 proxima
1243 384 1252 405 z
1270 375 1348 406 hinc
1371 377 1435 414 est,
1457 374 1544 415 quod
1562 374 1666 415 prima
1683 374 1802 408 dicitur

1024 428 1201 468 vestigium
1211 427 1373 460 Trinitatis
1382 439 1390 467 ;
1402 428 1551 467 secunda,
1562 428 1685 468 imag03
1695 429 1800 467 tertia,

1024 481 1211 513 similitudo.
1227 481 1281 513 Est
1295 482 1398 522 igitur
1411 482 1543 523 spiritus
1554 482 1718 514 rationalis
1731 492 1802 514 me-

1024 535 1096 566 dius
1118 535 1214 566 inter*
1227 535 1377 576 primam,
1403 537 1436 567 et
1458 535 1606 566 ultimam
1624 546 1632 566 z
1654 535 1699 567 ita
1716 535 1802 576 quod

1025 589 1163 628 primam
1177 588 1273 620 habet
1287 589 1422 620 interius
1432 612 1442 627 ,
1459 588 1634 620 secundam
1654 589 1802 628 interius,

1024 641 1151 672 tertiam
1160 642 1317 682 superius.
1330 641 1369 673 Et
1381 642 1452 674 ideo
1462 642 1496 673 in
1504 644 1590 674 statu
1599 642 1802 681 innocentiae,

1025 704 1100 726 cum
1121 695 1233 735 imago
1252 704 1318 726 non
1338 697 1406 726 erat
1422 695 1550 734 vitiata,
1567 695 1623 727 sed
1643 695 1806 727 deiformis

1026 758 1084 789 per
1098 749 1238 788 gratiam
1253 749 1376 788 effecta,
1392 751 1424 780 et
1439 749 1614 780 sufficiehat
1628 749 1707 780 liber
1721 758 1806 781 crea-

1026 804 1121 841 turae,
1134 803 1167 833 in
1178 811 1243 843 quo
1255 803 1396 843 seipsum
1406 805 1568 834 exerceret
1578 803 1676 834 homo
1686 803 1724 834 ad
1734 812 1807 834 con-

1028 856 1183 887 tuendum
1199 856 1309 887 lumen
1324 856 1442 888 divinae
1456 856 1631 896 sapientiae,
1643 859 1681 888 ut
1694 857 1740 888 sic
1754 866 1806 888 sa-

1027 910 1116 949 piens
1139 912 1234 948 esset,
1260 918 1333 940 cum
1364 909 1532 940 universas
1554 918 1606 941 res
1627 909 1750 942 videret
1773 909 1808 940 in

1028 972 1079 1001 se,
1106 963 1229 994 videret
1254 963 1286 993 in
1310 963 1440 1003 proprio
1464 972 1602 1002 genere,
1626 962 1750 994 videret
1772 963 1806 994 in

1028 1019 1096 1047 arte
1115 1028 1121 1048 :
1140 1017 1316 1048 secundum
1339 1016 1423 1057 quod
1442 1016 1606 1056 tripliciter
1626 1016 1723 1048 habet
1741 1025 1810 1048 esse

1030 1080 1093 1108 res,
1106 1071 1224 1101 scilicet
1234 1070 1266 1100 in
1279 1070 1422 1107 materia,
1434 1069 1486 1100 vel
1496 1070 1529 1100 in
1543 1072 1659 1101 natura
1669 1069 1808 1110 propria,

1030 1126 1062 1156 in
1078 1125 1291 1164 intelligentia
1305 1127 1421 1162 creata,
1438 1126 1469 1154 et
1482 1124 1516 1154 in
1530 1126 1598 1155 arte
1610 1126 1740 1155 aeterna.
1758 1123 1811 1155 Se-

1030 1179 1171 1209 cundum
1193 1187 1265 1218 quae
1289 1178 1350 1209 tria
1371 1177 1446 1208 dicit
1467 1177 1633 1217 Scriptura
1648 1178 1656 1194 ¹
1677 1187 1685 1208 ε
1711 1177 1810 1210 Dixit

1030 1233 1134 1264 Deus:
1147 1233 1231 1269 Fiat,
1246 1232 1343 1267 Fecit,
1355 1233 1386 1261 et
1401 1232 1536 1263 Factum
1545 1233 1592 1263 est
1603 1230 1663 1262 ita.
1681 1229 1812 1271 Propter
1836 1257 1859 1269 „c

1031 1295 1128 1325 quam
1140 1286 1234 1316 etiam
1247 1284 1404 1324 triplicem
1418 1284 1573 1315 visionem
1587 1285 1705 1324 accepit
1714 1284 1811 1315 homo

1032 1339 1189 1378 triplicem
1205 1338 1346 1375 oculum,
1359 1338 1438 1368 sicut
1453 1337 1528 1368 dicit
1543 1337 1640 1377 Ilugo
1655 1337 1693 1368 de
1703 1340 1812 1369 sancto

1032 1392 1167 1429 Victore,
1186 1392 1301 1422 scilicet
1317 1391 1440 1428 earnis,
1456 1391 1605 1429 rationis,
1626 1393 1658 1422 et
1670 1394 1810 1423 contem-

1033 1447 1180 1486 plationis
1200 1457 1206 1476 :
1224 1446 1344 1483 carnis,
1368 1454 1432 1485 quo
1453 1445 1572 1476 videret
1596 1445 1764 1483 mundum,
1782 1447 1814 1476 et

1033 1510 1069 1531 ca
1091 1509 1163 1540 quae
1186 1502 1261 1530 sunt
1288 1500 1320 1529 in
1345 1499 1482 1536 mundo;
1506 1499 1636 1530 oculum
1660 1499 1811 1537 rationis,

1034 1563 1099 1594 quo
1116 1554 1237 1584 videret
1249 1553 1406 1591 animum,
1417 1554 1447 1582 et
1461 1561 1499 1583 ea
1513 1561 1587 1592 quae
1603 1555 1678 1583 sunt
1692 1552 1727 1583 in
1741 1553 1811 1583 ani—

1035 1617 1104 1645 mo;
1128 1607 1258 1638 oculum
1284 1605 1581 1645 contemplationis,
1603 1614 1667 1646 quo
1691 1606 1813 1637 videret

1036 1662 1134 1692 llcum
1145 1686 1152 1699 ,
1173 1663 1203 1691 ot
1219 1670 1256 1690 ea
1272 1668 1345 1700 qnae
1364 1661 1439 1690 sunt
1459 1659 1491 1689 in
1512 1658 1575 1690 Deo
1592 1670 1599 1690 ι
1615 1661 1646 1690 et
1663 1659 1707 1690 sic
1721 1660 1814 1691 oculo

1035 1715 1139 1746 carnis
1153 1714 1274 1744 videret
1290 1713 1387 1743 homo
1410 1721 1447 1742 ea
1469 1721 1543 1752 quae
1558 1714 1636 1743 sunt
1656 1714 1747 1743 extra
1761 1721 1811 1749 se;

1035 1769 1127 1799 oculo
1143 1767 1286 1804 rationis,
1308 1776 1345 1797 ea
1371 1775 1444 1806 quae
1461 1768 1536 1796 sunt
1552 1766 1636 1797 intra
1649 1775 1702 1804 se3
1721 1765 1814 1797 oculo

1036 1821 1321 1861 contemplationis,
1339 1829 1377 1851 ea
1399 1829 1472 1859 quae
1487 1823 1561 1851 sunt
1582 1829 1679 1860 supra
1692 1829 1737 1851 se.
1754 1819 1815 1857 Qui

1036 1875 1166 1915 quidem
1179 1874 1292 1905 oculus
1307 1873 1585 1913 contemplationis
1600 1875 1707 1904 actum
1719 1881 1814 1904 suum

1037 1938 1101 1960 non
1112 1929 1209 1959 habet
1220 1928 1405 1968 perfectum,
1416 1927 1476 1957 nisi
1485 1936 1542 1966 per
1553 1927 1702 1966 gloriam,
1717 1935 1815 1966 quam

1037 1982 1143 2012 amisit
1160 1990 1213 2021 per
1223 1981 1361 2020 culpam,
1373 1982 1540 2020 recuperat
1554 1982 1662 2010 autem
1676 1988 1732 2019 per
1743 1988 1816 2018 gra-

1037 2036 1126 2073 tiam,
1143 2038 1173 2065 et
1188 2035 1282 2065 fidem
1293 2058 1301 2071 ,
1325 2037 1355 2064 ct
1379 2034 1618 2074 Scripturarum
1634 2033 1815 2072 intelligen-

1037 2089 1125 2126 tiam,
1143 2088 1260 2128 quibus
1276 2096 1366 2117 mens
1385 2087 1527 2118 humana
1546 2089 1717 2127 purgatur,
1741 2086 1816 2117 illu-

1038 2143 1179 2173 minatur
1203 2144 1233 2172 ot
1255 2142 1418 2182 perficitur
1445 2141 1482 2172 ad
1509 2141 1647 2172 coelestia
1673 2143 1815 2172 contem-

1039 2196 1154 2235 planda
1168 2205 1175 2226 :
1192 2196 1231 2226 ad
1243 2205 1315 2235 quae
1332 2196 1439 2235 lapsus
1454 2196 1551 2225 homo
1568 2194 1735 2234 pervenire
1750 2202 1816 2224 non

1039 2252 1152 2290 potest,
1175 2249 1235 2279 nisi
1252 2250 1342 2289 prius
1357 2249 1496 2279 (insectus
1517 2251 1545 2279 ot
1574 2248 1719 2279 tenebras
1742 2256 1816 2287 pro-

1040 2303 1123 2343 prias
1139 2304 1348 2342 recognoscat
1362 2314 1368 2333 t
1391 2303 1475 2342 quod
1492 2311 1556 2332 nou
1576 2302 1659 2339 facit,
1676 2301 1738 2332 nisi
1753 2300 1816 2331 rui-

1040 2367 1115 2388 nam
1139 2359 1289 2388 humanae
1309 2360 1431 2388 naturae
1453 2357 1625 2396 diligenter
1639 2355 1816 2386 consideret

1039 2414 1069 2441 et
1084 2411 1237 2441 attendat.

1073 2475 1077 2487 ¹
1096 2474 1239 2503 Gen.,1,3‚
1255 2474 1279 2503 Ἰ,
1295 2474 1318 2502 9,
1336 2474 1384 2496 cle.
