2003 3037
65 1441 150 1461 Natura

50 1471 145 1492 coelestis

43 1504 130 1532 triplex.

68 1765 151 1785 Natura

49 1795 144 1816 elemen-

71 1826 124 1846 teris

53 1858 150 1883 quadru-

45 1890 102 1916 plex.

767 177 884 213 PART.
907 180 962 214 111.
985 180 1092 214 SECT.
1115 182 1183 216 xn.

157 248 331 288 ”distinctae
347 249 484 282 secunda
495 249 546 282 die
561 249 609 282 est
621 248 703 280 facta
718 247 879 280 distinctio
893 258 948 281 na-

167 303 250 334 turae
267 303 444 344 perspicuae
458 313 477 335 a
490 302 656 344 perspicua
668 325 676 341 ‚
691 311 766 333 cum
781 311 874 342 aquae
894 303 946 333 in-

167 356 298 388 feriores
323 365 344 388 a
363 356 582 397 superioribus
605 357 681 386 sunt
701 355 831 393 divisae;
855 355 948 387 tertia

167 409 218 442 die
234 410 315 442 facta
328 411 376 441 est
389 409 550 442 distinctio
574 411 701 440 naturae
716 408 893 449 perspicuae
908 410 947 441 ab

168 472 282 504 opaca,
299 472 374 495 cum
387 462 498 495 divisae
513 464 587 493 sunt
601 471 695 502 aquae
708 471 726 493 a
736 464 832 493 terra.
851 462 948 494 Orna-

167 519 219 548 tus
233 519 341 548 autem
351 540 360 555 ,
377 515 433 556 qui
447 515 641 547 distinctioni
656 524 828 556 corporum
845 525 948 547 corre-

167 569 320 611 spondet,
335 571 384 601 est
398 569 496 601 etiam
509 569 544 600 in
559 569 667 600 triduo
682 571 925 601 consummatus
936 595 945 609 ,

165 624 209 656 ita
223 623 308 665 quod
324 624 457 655 ornatus
479 625 606 654 naturae
621 623 793 654 luminosae
819 626 866 655 est
881 624 945 655 fao-

165 679 218 709 tus
233 677 348 717 quarta
363 676 413 707 die
424 700 432 715 ‚
449 676 485 707 in
499 676 692 708 formatione
714 676 898 715 stellarum,
916 679 947 708 et

165 730 255 770 solis,
281 731 313 762 et
327 730 434 769 lunae3
461 733 595 761 ornatus
616 732 742 761 naturai
769 731 946 771 perspicuae

163 785 263 816 factus
274 786 320 816 est
334 785 447 825 quinta
461 785 524 824 die,
542 785 575 815 in
591 794 655 825 qua
668 785 741 816 faeti
757 788 832 816 sunt
847 786 947 826 pisces

163 838 195 868 et
219 845 295 868 aves
310 860 319 875 ,
345 837 379 867 in
404 846 497 876 aquae
528 839 559 868 et
582 837 663 868 aeris
689 840 916 869 ornamentum
937 850 944 876 ;

164 893 254 922 sexta
269 891 319 921 die
334 893 382 921 est
395 891 497 921 factus
518 893 652 921 ornatus
676 892 801 922 naturae
821 901 944 931 opacae,

165 945 294 985 quando
308 945 400 976 faetae
409 947 485 975 sunt
495 945 605 976 hestiae
615 945 654 976 de
664 947 759 984 terra,
774 946 856 977 facta
870 950 947 977 sunt

165 999 290 1039 reptilia
298 1023 306 1038 ,
318 999 400 1030 facta
409 1001 458 1029 est
467 999 612 1030 humana
620 1001 738 1030 natura
749 999 787 1030 ad
800 1009 947 1031 consum-

165 1052 339 1083 mationem
355 1052 502 1084 omnium
518 1053 762 1092 praedictorum.

438 1163 587 1197 SECTIO
615 1163 674 1197 XI.

276 1245 314 1271 De
333 1245 505 1272 consistentia
524 1245 654 1272 machinae
673 1245 832 1282 corporalis.

207 1321 355 1352 Consistit
386 1324 495 1353 autem
523 1326 532 1342 ²
560 1324 626 1353 tota
652 1325 768 1353 natura
794 1332 946 1363 corporea

166 1375 306 1406 maxime
322 1375 356 1406 in
371 1376 518 1415 duobus,
544 1376 662 1407 scilicet
685 1377 717 1407 in
743 1379 860 1408 natura
881 1377 943 1408 ele-

166 1429 319 1468 mentari,
337 1431 369 1460 et
384 1429 514 1460 coelesti.
533 1429 672 1460 Caelestis
687 1430 898 1470 distinguitur
914 1432 945 1462 111

164 1485 229 1514 tres
244 1483 339 1514 coelos
354 1484 547 1525 principales
558 1509 567 1523 ,
591 1485 707 1516 seilicet
731 1495 922 1526 empyreum
935 1510 942 1524 ‚

165 1537 398 1576 crystallinum⁷
410 1539 442 1568 et
450 1538 704 1570 firmamentum.
718 1539 751 1570 In
766 1541 946 1571 firmamen-

167 1592 197 1621 to
211 1593 331 1629 autem,
348 1592 433 1631 quod
450 1595 496 1622 est
509 1592 638 1631 coelum,
657 1594 861 1625 continentur
875 1605 946 1635 sep-

164 1646 229 1674 tem
244 1645 337 1675 orbes
351 1647 470 1685 septem
486 1645 706 1685 planetarum,
723 1648 777 1687 qni
793 1651 868 1679 sunt
883 1649 945 1679 Sa—

167 1701 281 1729 turnus
290 1722 300 1737 ,
316 1698 450 1739 Jupiter,
468 1699 552 1730 Mars
563 1724 572 1738 ,
590 1700 660 1739 Sol,
678 1701 802 1740 Venus,
820 1702 944 1734 Merou-

166 1751 232 1782 rius
245 1776 252 1790 ,
269 1754 300 1783 et
315 1752 416 1783 Luna.
436 1753 556 1784 Natura
570 1764 648 1785 vero
664 1755 865 1787 elementaris
879 1757 946 1788 dis-

166 1806 329 1845 tinguitur
340 1807 373 1837 in
389 1809 529 1847 quatuor
540 1808 694 1848 sphaeras,
711 1810 828 1841 scilicet
842 1810 944 1850 Ignis,

165 1859 273 1899 Aeris,
290 1860 393 1901 Aquae
404 1885 413 1899 ,
430 1863 460 1892 et
479 1861 596 1893 Terrae.
619 1862 658 1893 Et
672 1864 730 1898 sic,
749 1865 945 1904 procedendo

166 1924 184 1944 a
206 1923 334 1945 summo
357 1915 427 1946 eoeli
450 1916 577 1947 cardine
604 1926 706 1957 usque
731 1918 770 1948 ad
800 1921 945 1949 centrum

165 1970 277 2006 terrae,
295 1971 467 2000 occurrunt
481 1970 574 2000 nobis
598 1971 708 2002 decem
724 1972 816 2003 orbes
836 1974 944 2004 cceles-

165 2023 211 2052 tes
222 2047 229 2061 ‚
262 2025 293 2053 et
318 2025 456 2063 quatuor
483 2025 618 2064 sphaerae
646 2026 872 2065 elementares,
906 2037 947 2058 ex

165 2075 283 2114 quihus
299 2078 365 2107 tota
380 2077 495 2107 mundi
510 2078 667 2109 sensibilis
692 2080 841 2111 machina
862 2082 944 2112 inte-

167 2131 283 2168 gratur
301 2139 308 2159 :
326 2129 369 2159 ita
385 2131 470 2169 quoii
486 2134 496 2149 ²
511 2131 649 2161 coelestia
676 2132 815 2164 influunt
830 2135 862 2164 in
879 2137 944 2165 ter—

166 2183 279 2213 restria
291 2185 321 2214 et
337 2183 542 2214 elementaria
555 2208 563 2221 ,
583 2188 744 2224 quantum
760 2187 796 2216 ad
814 2187 945 2218 distinc-

166 2236 266 2266 tivam
284 2237 551 2276 significationem
572 2240 772 2278 temporum,
798 2240 922 2272 dierum
934 2266 943 2280 ,

166 2290 329 2320 mensium
343 2292 374 2320 et
388 2299 564 2329 annorum,
592 2292 714 2323 dicente
735 2293 897 2333 Scriptura
912 2296 921 2311 ³
936 2307 942 2326 ι

169 2343 241 2375 Sint
256 2345 290 2375 z'n
304 2345 411 2384 siqua,
427 2348 457 2377 et
473 2348 624 2385 tempora,
641 2350 670 2378 et
683 2346 766 2385 dies,
785 2352 814 2380 et
831 2357 942 2381 annos.

167 2397 309 2429 Inssuunt
324 2399 420 2429 etiam
436 2401 594 2438 quantum
610 2400 648 2430 ad
669 2400 847 2432 effectivam
872 2413 945 2442 pro-

166 2450 347 2482 ductionem
362 2461 474 2483 rerum
491 2453 725 2492 generabilium
742 2457 772 2485 et
787 2458 944 2496 corrupti-

167 2504 301 2543 bilium,
326 2508 357 2536 et
379 2515 551 2546 corporum
567 2507 798 2539 humanorum.
821 2509 872 2540 sic
896 2513 942 2541 ta-

168 2566 242 2588 men
255 2560 329 2589 sunt
343 2559 376 2589 in
390 2559 483 2598 signa
492 2562 688 2600 temporum,
700 2571 808 2592 reruni
824 2565 855 2594 et
869 2573 945 2604 ope-

203 2637 293 2662 *idem
308 2645 376 2669 sup„
391 2640 494 2671 BreviL,
511 2648 536 2671 p.
553 2642 557 2664 Ι
576 2649 597 2666 c.
620 2648 647 2665 11.
663 2654 694 2659 -
708 2643 717 2658 ²
735 2642 807 2674 ibid„
827 2650 849 2667 c.
867 2650 901 2668 iv,
916 2658 944 2663 —

168 2674 175 2688 ³
191 2674 264 2702 Gen,
280 2680 296 2704 1,
316 2675 352 2698 14.

290 2727 365 2749 TOM.
390 2729 446 2751 VH.

1726 182 1785 218 38'5

1003 249 1166 282 rationum
1188 259 1245 291 per
1267 251 1388 291 lucem,
1421 252 1578 293 calorem,
1606 254 1733 285 motum
1752 255 1785 286 et

1004 303 1176 344 virtutem,
1201 307 1240 336 ut
1263 314 1328 336 non
1351 306 1414 337 sint
1435 309 1520 338 certa
1543 307 1638 347 signa
1659 307 1786 339 contin-

1003 358 1150 396 gentium
1165 358 1367 398 futurorum,
1390 369 1449 391 nec
1471 360 1609 392 influant
1627 369 1725 402 super
1743 361 1783 392 li-

1002 411 1116 443 berum
1132 412 1301 444 arbitrium
1326 423 1382 454 per
1399 415 1464 445 vim
1486 414 1783 456 constellationum,

1003 474 1102 505 quam
1117 466 1270 498 dixerunt
1283 467 1381 508 aliqui
1397 469 1497 500 fatum
1512 478 1592 501 esse.
1612 469 1652 500 Et
1665 470 1709 501 sic
1723 470 1784 502 col-

1002 518 1117 557 ligitur
1131 528 1172 550 ex
1187 520 1347 560 praedivtis
1356 545 1364 559 ‚
1379 522 1465 561 quod
1480 522 1563 554 Deus
1575 522 1720 554 ordinate
1733 533 1785 556 res

1002 572 1144 604 condidit
1159 576 1316 614 quantum
1332 575 1372 606 ad
1385 578 1531 616 tempus,
1555 576 1701 608 ordinate
1718 578 1782 610 dis-

1002 626 1276 667 posuitquantum
1287 628 1327 659 ad
1342 628 1453 668 situm,
1466 631 1610 662 ordinate
1623 632 1785 672 gubernat

1002 682 1159 719 quantum
1172 681 1211 712 ad
1225 681 1444 722 influentiam,
1461 684 1495 714 in
1511 684 1677 726 Scriptura
1692 695 1784 718 sacra

1001 734 1146 765 ordinate
1160 737 1270 766 narrat
1285 738 1443 776 quantum
1459 738 1499 768 ad
1514 738 1669 771 doctrinae
1684 749 1784 772 ¹sacrae

1001 788 1226 819 sufficientiam
1240 800 1246 820 :
1263 798 1336 829 quae
1352 789 1387 820 in
1402 791 1560 832 principio
1575 793 1625 824 sui
1641 793 1784 825 insinuat

1001 843 1150 873 naturam
1164 842 1358 874 luminosam
1375 845 1504 876 nomine
1519 847 1613 886 coeli;
1630 851 1781 880 naturam

1002 905 1133 935 opacam
1149 897 1280 928 nomine
1295 900 1406 937 τεν-νας·
1418 901 1567 931 naturam
1580 903 1783 943 perspicuam

1001 950 1131 981 nomine
1146 959 1248 991 aquoe.
1269 951 1410 982 insinuat
1434 955 1465 983 et
1480 954 1696 988 beatissimam
1713 957 1782 988 Tri-

1001 1004 1134 1035 nitatem
1151 1016 1158 1035 :
1178 1005 1305 1036 Patrem
1318 1030 1326 1044 ,
1344 1006 1378 1036 in
1394 1007 1526 1038 nomine
1542 1008 1595 1040 Dei
1618 1012 1760 1043 creantis
1766 1021 1780 1051 ‚¹

1001 1056 1132 1095 Fitium,
1143 1058 1174 1088 in
1186 1059 1317 1089 nomine
1330 1060 1492 1100 principii
1501 1071 1514 1101 ,·
1523 1061 1682 1102 Spiritum
1693 1074 1783 1097 sanc-

1002 1113 1083 1148 tum,
1096 1111 1128 1141 in
1140 1112 1270 1142 nomine
1280 1112 1429 1151 Spiritus
1444 1113 1514 1146 Dei.
1528 1115 1675 1148 Insinuat
1685 1119 1781 1150 etiam

1002 1164 1093 1195 nobis
1108 1166 1311 1206 appropriata
1326 1166 1426 1197 trium
1441 1176 1652 1207 personarum
1671 1182 1677 1202 :
1697 1173 1781 1204 scili-

1002 1221 1050 1249 cet
1071 1219 1336 1259 omnipotentiam
1364 1220 1485 1260 Patris,
1510 1223 1543 1253 in
1559 1225 1780 1266 producendo;

1001 1273 1256 1304 omniscientiam
1274 1274 1359 1313 Filii,
1377 1275 1411 1306 in
1427 1275 1672 1319 distinguendo;
1688 1281 1783 1312 bene-

1002 1327 1177 1359 volentiam
1193 1328 1331 1369 Spiritus
1345 1330 1462 1369 saneti⁷
1476 1331 1509 1361 in
1524 1332 1698 1366 influendo.

1269 1442 1418 1476 SECTIO
1443 1445 1516 1479 XII.

1208 1524 1245 1549 De
1263 1525 1426 1557 sufficientia
1446 1527 1576 1554 caelorum.

1045 1599 1086 1629 De
1097 1602 1212 1631 natura
1223 1601 1339 1632 coelesti
1349 1603 1526 1643 specialiter
1536 1608 1583 1636 est
1596 1606 1781 1639 videndum.

1004 1652 1124 1683 Coelum
1134 1654 1274 1693 quidem,
1282 1657 1459 1688 secundnm
1466 1667 1671 1690 communem
1679 1670 1785 1702 accep-

1003 1706 1141 1745 tionem,
1158 1709 1304 1739 nominat
1318 1713 1466 1741 naturam
1483 1713 1686 1753 perspicuam
1707 1725 1783 1746 eon-

1003 1761 1078 1790 tenti
1086 1770 1173 1798 vam3
1187 1763 1363 1793 secundum
1374 1774 1437 1795 ver:
1446 1776 1451 1792 ι
1461 1767 1623 1806 propriam
1634 1770 1785 1809 acceptio-

1004 1823 1089 1852 nem,
1104 1815 1248 1846 nominat
1258 1819 1406 1847 naturam
1417 1820 1619 1859 perspicuam
1630 1825 1785 1854 contenti-

1004 1877 1094 1905 vam,
1112 1869 1191 1899 nulli
1211 1871 1428 1902 contrarietati
1451 1873 1639 1913 subjectam.
1663 1876 1782 1908 Secun-

1003 1921 1081 1951 dum
1092 1922 1227 1961 primam
1239 1925 1465 1964 acceptionem,
1481 1929 1603 1966 septem
1614 1930 1714 1961 coelia
1728 1931 1784 1962 Ra-

1004 1974 1086 2005 bano
1102 1975 1356 2016 distinguuntur,
1371 1979 1487 2011 scilicet
1502 1981 1619 2013 coelum
1634 1993 1781 2023 aereum,

1004 2028 1181 2060 aethereum
1197 2055 1204 2068 .,
1223 2031 1391 2072 olympum
1405 2058 1412 2071 ‚
1430 2034 1580 2075 igneum,
1598 2037 1760 2069 sidereum
1773 2063 1781 2077 ‚

1003 2091 1142 2122 aqueum
1159 2108 1166 2122 ,
1194 2094 1396 2125 empyreum.
1426 2089 1570 2125 Quorum
1594 2092 1784 2124 sufficientia

1004 2136 1048 2165 sic
1063 2138 1213 2168 sumitur.
1233 2138 1356 2169 (loetum
1373 2141 1458 2171 enim
1476 2143 1515 2180 (a)
1533 2146 1650 2175 natura
1663 2147 1784 2187 perspi-

1003 2200 1063 2220 cua
1078 2194 1109 2220 et
1134 2194 1332 2232 contentiva,
1358 2198 1414 2225 aut
1435 2199 1481 2226 est
1505 2198 1612 2230 dativa
1631 2199 1780 2240 luminiS,

1003 2246 1059 2273 aut
1074 2246 1243 2284 receptiva.
1261 2246 1294 2276 Si
1310 2250 1356 2277 est
1371 2248 1492 2288 dativa,
1517 2253 1573 2281 aut
1588 2254 1635 2282 est
1656 2254 1782 2284 uulfor-

1004 2297 1064 2326 mis
1081 2307 1145 2328 non
1160 2302 1258 2336 mota,
1275 2302 1305 2330 et
1321 2300 1365 2330 sic
1378 2304 1425 2332 est
1440 2304 1557 2334 coelum
1573 2314 1779 2347 empyreum;

1003 2353 1060 2380 aut
1076 2351 1282 2382 multiformis
1295 2356 1325 2383 et
1336 2357 1434 2393 mota,
1446 2357 1529 2387 etsie
1544 2361 1590 2389 est
1604 2359 1779 2399 sidereum3

1003 2407 1058 2435 aut
1073 2405 1241 2436 uniformis
1265 2408 1296 2437 et
1311 2410 1416 2446 mota,
1443 2412 1473 2440 et
1494 2411 1538 2441 sic
1562 2415 1608 2442 est
1625 2415 1789 2454 crystalli-‘

1003 2467 1082 2488 num
1100 2469 1106 2489 z
1124 2462 1238 2499 quarta
1253 2461 1432 2493 differentia
1447 2473 1512 2494 non
1527 2465 1675 2505 habetur,
1697 2469 1778 2500 scili-

1002 2515 1050 2542 cet
1067 2512 1272 2545 multiformis
1287 2519 1317 2545 et
1333 2524 1397 2546 non
1421 2520 1517 2549 mota.
1538 2518 1570 2550 Si
1598 2524 1705 2553 autem
1723 2532 1778 2554 na-

1002 2568 1075 2597 tura
1089 2568 1257 2607 perspicua
1272 2571 1318 2599 est
1332 2570 1463 2601 luminis
1475 2574 1648 2613 receptiva,
1663 2577 1718 2606 aut
1733 2579 1780 2607 est

1002 2621 1161 2660 receptiva
1178 2621 1407 2661 separabiliter,
1424 2627 1481 2655 aut
1499 2625 1753 2667 inseparabiliter
1768 2640 1776 2660 z

1034 2684 1065 2713 (a)
1081 2683 1169 2714 Suppl.
1185 2684 1205 2707 si
1223 2684 1331 2712 dicatur.

1620 2737 1658 2765 25

1830 1627 1891 1649 Coelo
1896 1639 1903 1643 -

1798 1665 1848 1680 rum
1866 1665 1906 1679 nu-

1813 1696 1888 1711 merus

1808 1721 1898 1742 diversi-

1822 1753 1887 1774 mode

1806 1790 1898 1811 compu-

1799 1817 1865 1836 tatur.
