2003 3037
205 277 265 309 276

205 342 341 375 creando
360 341 522 381 infundat,
540 342 572 373 et
585 339 784 373 infundendo
801 338 894 371 uniat
907 346 982 369 cum

204 405 300 428 carne
313 396 438 427 infecta.

246 449 336 481 Ratio
357 451 466 482 autem
484 449 524 481 ad
545 447 790 489 intelligentiam
812 445 981 488 praedicto-

203 513 278 535 rum
292 504 363 535 haec
377 505 423 535 est
437 503 532 544 :quia
546 511 620 534 cum
634 502 776 543 primum
791 498 984 541 principium

203 558 313 589 fecerit
326 557 493 589 hominem
507 556 548 588 ad
558 555 738 596 imaginem
752 562 844 585 suam
855 553 985 593 propter

205 612 256 643 sui
276 611 379 652 ipsius
403 610 659 652 expressionem
679 609 724 640 sic
747 617 822 640 eum
846 605 985 638 condidit

204 674 246 696 ex
260 667 350 706 parte
364 664 515 705 corporis,
533 665 570 695 ut
584 672 696 694 omnes
706 661 855 694 homines
868 668 983 700 propa-

206 721 363 760 garentur
375 729 394 750 a
407 719 512 760 primo
534 718 677 756 homine,
695 719 849 756 tanquam
864 714 905 745 ab
919 722 985 744 uno

204 773 333 805 radicali
349 773 524 814 principio;
549 773 593 804 sic
614 781 655 803 ex
677 773 766 812 parte
789 770 924 805 animae,
949 769 987 799 ut

204 829 333 868 propter
344 836 530 868 expressam
545 825 790 857 similitudinem
805 826 871 854 tam
886 822 921 853 in
936 831 984 853 es-

205 881 304 913 sendo
336 883 368 912 et
401 880 565 919 durando,
597 888 695 920 quam
721 877 927 917 intelligendo
957 878 988 907 et

205 935 343 967 amando
355 960 364 974 ,
383 935 566 966 immediate
588 935 775 965 emanarent
795 940 907 963 omnes
921 930 986 970 spi-

205 989 287 1020 ritus
297 988 467 1020 rationales
477 988 516 1019 ab
524 987 594 1028 ipso
603 986 677 1026 Deo,
690 988 845 1026 tanquam
853 994 871 1016 a
882 983 988 1024 primo

206 1043 361 1084 principio
377 1045 408 1074 et
421 1041 617 1073 immediato.
635 1040 673 1071 Et
688 1039 843 1081 quoniam
859 1038 989 1078 spiritus

206 1099 361 1137 tanquam
384 1095 590 1127 excellentior
612 1093 717 1133 magis
732 1092 851 1124 accedit
865 1091 903 1122 ad
925 1090 989 1131 pri-

207 1160 299 1182 mum
322 1150 532 1191 principium,
550 1149 594 1179 sic
618 1147 759 1179 condidit
783 1146 864 1177 Deus
880 1143 989 1175 homi-

208 1214 295 1244 nem,
314 1206 348 1235 ut
362 1204 495 1244 spiritus
510 1204 661 1244 praeesset
675 1200 812 1241 corpori,
830 1201 860 1230 et
875 1207 990 1238 corpus

209 1259 354 1290 subesset
378 1257 503 1298 spiritui
525 1259 650 1293 creato,
673 1253 817 1296 quandiu
841 1253 894 1283 ille
910 1251 990 1282 sub-

211 1315 293 1345 esset
316 1312 444 1353 spiritui
460 1311 616 1348 increato3
634 1311 665 1340 et
684 1310 793 1340 contra
815 1307 840 1338 si
861 1306 992 1346 spiritus

211 1375 277 1398 non
292 1366 434 1397 obediret
450 1365 530 1404 Deo,
550 1365 639 1404 justo
659 1363 713 1394 Dei
725 1361 860 1403 judicio,
877 1368 993 1400 corpus

211 1429 309 1451 suum
320 1420 474 1460 inciperet
486 1419 545 1450 sibi
557 1417 722 1449 rebellare.
733 1415 824 1453 Quod
835 1416 865 1446 et
875 1415 993 1445 sactum

213 1478 274 1514 est,
301 1485 376 1506 cum
404 1475 506 1505 Adam
531 1472 685 1514 peccavit.
713 1470 800 1502 Sicut
826 1469 941 1509 igitur,
968 1467 994 1498 si

214 1528 316 1559 Adam
344 1527 480 1558 stetisset
510 1526 544 1557 in
571 1524 751 1556 obedientia
779 1522 852 1559 Dei,
879 1529 996 1560 corpus

215 1592 311 1613 suum
329 1581 454 1622 spiritui
470 1580 620 1612 obediens
637 1580 730 1616 esset,
747 1579 777 1608 et
794 1575 855 1607 tale
870 1574 909 1606 ad
924 1583 996 1614 pos-

216 1639 300 1666 teros
315 1635 557 1671 transmitteret,
575 1635 606 1664 et
622 1633 704 1663 Deus
724 1631 767 1661 illi
790 1630 932 1660 animam
948 1628 994 1658 in-

216 1690 376 1727 funderet,
393 1689 437 1719 ita
451 1688 537 1729 quod
550 1687 641 1718 uuita
659 1685 782 1726 corpori
805 1682 995 1723 immortali,

217 1747 248 1775 et
262 1744 321 1774 sibi
344 1743 520 1779 obedienti,
539 1742 669 1772 liaberet
692 1739 837 1770 ordinem
849 1737 996 1777 justitiae,

218 1800 249 1828 et
272 1797 509 1827 immunitatem
535 1795 641 1826 omnis
664 1802 766 1833 poenae
785 1804 791 1822 z
809 1792 852 1821 sic
875 1801 915 1821 ex
935 1800 999 1830 quo

220 1851 322 1882 Adam
339 1850 491 1890 peccavit,
509 1851 539 1880 et
555 1857 628 1879 caro
643 1848 724 1878 sacta
739 1849 785 1877 est
800 1845 927 1877 rebellis
941 1845 1001 1884 spi-

220 1905 308 1942 ritui,
327 1906 451 1944 oportet
467 1902 553 1943 quod
577 1902 671 1932 talem
687 1901 725 1931 ad
743 1902 885 1940 posteros
901 1900 998 1929 trans-

222 1959 338 1994 mittat,
349 1960 379 1988 ot
389 1957 474 1997 quod
487 1957 568 1987 Dens
579 1955 755 1986 secundum
768 1952 1002 1983 institutionem

222 2012 407 2052 primariam
433 2012 575 2041 animam
603 2009 766 2045 infundat3
792 2007 900 2037 anima
927 2014 1003 2036 vero

224 2075 298 2097 cum
316 2066 426 2096 unitur
442 2064 528 2095 carni
552 2063 678 2100 rebelli,
696 2061 832 2092 incurrit
846 2060 1004 2090 desectum

226 2119 345 2150 ordinis
366 2118 520 2149 naturalis
532 2116 685 2157 justitiae,
704 2125 767 2155 quo
783 2113 917 2145 debebat
931 2122 1004 2143 om-

227 2174 322 2205 nibus
336 2173 539 2203 inferioribus
558 2172 725 2211 imperare.
748 2168 784 2199 Et
804 2167 881 2207 quia
898 2167 1007 2197 anima

228 2228 315 2258 carni
330 2227 422 2258 unita
436 2229 497 2264 est,
515 2226 637 2265 oportet
659 2223 746 2263 quod
763 2222 862 2262 ipsam
881 2220 1005 2258 trahat,

230 2285 260 2313 ct
278 2282 425 2313 trahatur
441 2280 480 2310 ab
504 2280 571 2319 ipsa
590 2289 595 2308 2
613 2280 643 2308 et
659 2277 734 2317 quia
751 2277 852 2316 ipsam
868 2284 931 2305 non
950 2283 1006 2314 po-

232 2338 291 2366 test
307 2336 432 2365 trahere
454 2325 607 2373 tanquam
628 2331 794 2368 rebellem,
815 2338 941 2360 necesse
962 2329 1010 2358 est

135 2400 211 2426 rigim-
234 2392 268 2419 ut
290 2389 329 2418 ab
355 2389 422 2428 ipsa
444 2388 607 2423 trahatur,
635 2388 663 2415 et
691 2385 833 2414 incurrat
860 2382 1009 2413 morbum

121 2437 218 2481 “nl'lsvfi'x'
234 2442 495 2482 coin-upiscentiae
513 2452 519 2471 z
537 2442 567 2470 ct
585 2440 627 2469 sic
644 2438 777 2468 incurrit
791 2436 888 2467 simul
903 2445 1010 2466 caren-

120 2501 156 2545 ‘flf
203 2501 210 2538 ᾗ
234 2497 311 2527 tiam
338 2496 451 2526 debita»
471 2494 619 2534 justitiae,
636 2494 666 2522 et
688 2491 836 2521 morbum
858 2490 1008 2529 concupi-

209 2564 220 2575 ι»
236 2551 375 2581 scentia&
406 2550 452 2579 Ex
480 2549 596 2588 quibus
623 2546 770 2583 duobus,
794 2548 945 2583 tanquam
971 2553 1012 2574 ex

114 2596 173 2639 ''³1¹OE
188 2600 213 2639 ,,,.”
235 2605 399 2635 aversione
421 2606 450 2633 et
472 2602 693 2638 conversione,
717 2599 833 2630 dicitur
855 2597 1012 2636 integrari

123 2652 215 2702 ³¹*,',³⁷'.{'¹'
236 2659 412 2690 secuudum
432 2656 655 2695 Augustinum
677 2657 707 2684 et
730 2652 917 2684 Anselmum
939 2661 1010 2691 pec-

237 2714 343 2743 catum
367 2710 537 2750 originale.
555 2708 712 2745 Quoniam
728 2707 828 2745 igitur
843 2704 1011 2736 ordinatis-

237 2767 356 2796 simum
372 2765 441 2803 suit,
457 2764 543 2805 quod
558 2765 672 2793 natura
688 2761 830 2791 humana
846 2760 889 2789 ita
902 2758 1014 2790 coude-

783 267 1038 306 BREvlLOQUn
1060 266 1164 299 PARS
1184 267 1239 299 111.

1037 336 1138 374 retur,
1159 337 1192 367 et
1207 333 1294 376 quod
1315 332 1442 365 condita
1462 332 1508 364 sie
1523 334 1772 374 propagaretur,
1787 336 1820 366 et

1038 389 1124 431 quod
1137 397 1271 430 peccans
1280 387 1326 418 ita
1339 386 1520 427 puniretur,
1531 387 1615 418 sicut
1627 387 1818 428 praedictum

1038 445 1085 475 est
1106 442 1214 483 prius,
1241 441 1285 473 ita
1309 440 1394 482 quod
1417 440 1451 471 in
1474 440 1655 472 conditione
1669 442 1819 473 servatur

1039 496 1116 528 ordo
1136 495 1316 536 sapientiae;
1340 495 1374 526 in
1396 494 1644 535 propagatione,
1661 495 1738 526 ordo
1759 504 1819 526 na-

1039 551 1137 588 turae;
1161 549 1196 580 in
1219 549 1408 590 punitione,
1431 548 1508 580 ordo
1527 548 1688 588 justitiae:
1712 549 1817 589 patet,

1039 603 1126 644 quod
1140 611 1204 634 non
1216 605 1264 634 est
1276 604 1386 634 contra
1399 601 1541 633 divinam
1552 602 1726 642 Justitiam,
1738 602 1765 633 si
1781 601 1821 634 ad

1040 658 1183 698 posteros
1205 655 1434 687 transmittitur
1455 655 1561 696 culpa.
1585 655 1724 694 Rursus,
1746 655 1822 696 quia

1040 711 1134 752 culpa
1154 710 1323 750 originalis
1348 711 1468 751 peccati
1492 711 1525 741 in
1549 711 1691 742 animam
1714 713 1819 742 trans-

1041 764 1132 796 fundi
1155 772 1222 794 non
1246 765 1368 804 posset,
1388 763 1450 794 nisi
1470 772 1564 804 poena
1585 764 1768 795 rebellionis
1788 763 1823 794 in

1042 827 1137 849 carne
1159 816 1367 858 praecederet;
1391 818 1423 848 et
1443 825 1537 857 poena
1559 826 1625 848 non
1647 819 1744 856 esset,
1762 817 1823 848 nisi

1043 872 1139 913 culpa
1163 870 1392 912 praecessisset;
1418 879 1477 901 nec
1505 870 1599 911 culpa
1620 870 1782 910 praecessit
1805 879 1824 901 a

1042 926 1208 959 voluntate
1231 925 1394 962 ordinata,
1411 924 1465 955 sed
1488 924 1688 962 inordinata,
1711 933 1748 955 ac
1769 932 1825 964 per

1043 980 1104 1012 hoc
1121 989 1186 1011 non
1201 990 1220 1010 a
1234 979 1399 1010 voluntate
1413 978 1536 1016 divina,
1553 977 1607 1009 sed
1629 987 1647 1008 a
1661 977 1826 1009 voluntate

1044 1034 1189 1065 humana
1202 1044 1208 1064 z
1223 1035 1320 1073 patet,
1332 1032 1418 1073 quod
1429 1031 1595 1071 originalis
1605 1031 1708 1072 culpae
1724 1034 1827 1062 trans-

1045 1088 1127 1119 fusio
1143 1089 1190 1118 est
1200 1096 1218 1118 a
1229 1088 1357 1127 peccato
1369 1086 1463 1126 primi
1474 1085 1624 1123 hominis,
1641 1094 1705 1116 non
1716 1095 1734 1115 a
1745 1084 1824 1123 Deo;

1046 1150 1111 1172 non
1121 1150 1140 1171 a
1152 1143 1270 1172 natura
1284 1139 1420 1177 condita,
1437 1138 1492 1170 sed
1507 1148 1526 1169 a
1542 1139 1619 1169 vitio
1635 1141 1824 1178 perpetrato.

1048 1194 1085 1226 Et
1100 1194 1143 1225 sie
1168 1203 1283 1226 verum
1303 1195 1366 1231 est,
1383 1192 1468 1232 quod
1495 1192 1570 1223 dicit
1589 1192 1793 1232 Augustinus
1806 1193 1826 1231 ¹,

1048 1248 1134 1289 quod
1149 1249 1314 1288 peccatum
1329 1246 1488 1285 originale
1508 1255 1572 1277 non
1588 1246 1776 1277 transmittit
1789 1245 1829 1276 ad

1048 1304 1190 1342 posteros
1206 1300 1408 1342 propagatio,
1427 1300 1480 1332 sed
1496 1299 1606 1331 libido.

1303 1409 1466 1443 CAPUT
1496 1409 1580 1443 VII.

1195 1491 1234 1518 De
1253 1490 1398 1524 originalis
1415 1491 1521 1525 peccati
1540 1490 1686 1517 curatione.

1096 1569 1260 1601 Postremo
1274 1568 1447 1608 diligenter
1459 1568 1601 1606 attende,
1618 1568 1704 1608 quod
1719 1568 1834 1600 modus

1054 1624 1230 1656 curationis
1245 1623 1349 1663 culpae
1363 1621 1531 1662 originalis
1544 1624 1592 1653 est
1606 1623 1682 1661 iste,
1697 1622 1832 1661 scilicet,

1055 1679 1141 1720 quod
1157 1678 1201 1709 sic
1217 1680 1348 1709 curatur
1371 1676 1464 1716 culpa
1479 1675 1659 1716 originalis,
1683 1675 1768 1716 quod
1782 1684 1833 1706 re-

1056 1735 1163 1764 manet
1179 1741 1275 1773 poena
1289 1730 1482 1770 temporalis,
1502 1730 1584 1761 sicut
1606 1732 1692 1770 patet
1706 1730 1739 1760 in
1760 1738 1834 1770 par-

1057 1787 1140 1818 vulis
1164 1785 1328 1826 baptizatis
1342 1796 1349 1822 ·,
1376 1784 1420 1814 sic
1449 1786 1581 1814 curatur
1608 1786 1767 1824 quantum
1797 1782 1837 1814 ad

1058 1843 1182 1871 reatum
1196 1848 1299 1880 poenae
1315 1841 1454 1875 aeternze,
1472 1837 1557 1877 quod
1579 1839 1722 1868 remanet
1737 1845 1838 1877 quau-

1058 1897 1128 1925 tuni
1149 1894 1189 1925 ad
1214 1895 1336 1931 actum,
1360 1894 1390 1923 et
1409 1893 1532 1922 motum
1556 1890 1836 1931 concupiscentiae;

1060 1948 1103 1978 sic
1122 1949 1253 1978 curatur
1270 1947 1302 1976 in
1320 1947 1460 1986 parente,
1476 1944 1560 1984 quod
1576 1944 1784 1974 nibilominus
1799 1943 1838 1974 ab

1060 2010 1109 2039 eo,
1126 2001 1181 2041 qui
1205 2002 1336 2031 curatus
1354 2000 1400 2029 est
1423 2007 1478 2038 per
1503 1997 1716 2037 baptismum,
1740 1999 1840 2028 trans—

1062 2055 1199 2085 mittitur
1214 2054 1247 2084 in
1268 2052 1390 2093 prolem
1409 2051 1567 2090 originale
1590 2053 1772 2090 peccatum;
1795 2050 1839 2082 sie

1064 2108 1185 2140 tollitur
1209 2105 1378 2146 originalis
1393 2105 1510 2145 peccati
1535 2104 1672 2142 macula,
1688 2105 1773 2144 quod
1788 2112 1839 2135 re-

1064 2164 1171 2193 manet
1193 2161 1340 2201 sequcla,
1367 2168 1440 2190 cum
1466 2167 1531 2198 qua
1543 2160 1667 2198 oportet
1679 2166 1839 2198 pugnare,

1065 2215 1207 2256 quandiu
1222 2214 1364 2246 vivimus
1389 2213 1422 2243 in
1437 2212 1497 2243 hac
1510 2212 1577 2243 vita
1590 2223 1596 2242 ;
1615 2211 1691 2251 quia
1706 2211 1738 2242 in
1751 2210 1840 2242 nullo

1066 2279 1195 2310 prorsus
1210 2267 1414 2307 extinguitur
1431 2265 1683 2305 concupiscentia
1698 2273 1754 2304 per
1769 2273 1842 2304 gra-

1067 2324 1144 2354 tiam
1164 2330 1387 2358 communem;
1406 2320 1490 2360 quod
1509 2319 1578 2350 dico
1597 2321 1725 2359 propter
1740 2318 1842 2357 virgi-

1067 2387 1140 2408 nem
1156 2377 1371 2408 beatissimam
1394 2375 1541 2411 Mariam,
1559 2373 1591 2403 in
1607 2382 1670 2412 qua
1685 2372 1717 2402 iu
1737 2381 1843 2403 conce-

1068 2432 1174 2471 ptione
1190 2430 1260 2461 Filii
1273 2430 1326 2460 Dei
1336 2429 1474 2460 extincta
1484 2427 1543 2458 fuit
1556 2435 1612 2467 per
1627 2426 1765 2465 gratiam
1781 2426 1844 2457 siu-

1070 2485 1229 2525 gularem.

1110 2539 1198 2569 Ratio
1220 2539 1328 2568 autem
1353 2536 1391 2566 ad
1407 2534 1651 2573 intelligentiam
1674 2534 1843 2574 praedicto-

1069 2603 1143 2625 rum
1162 2593 1231 2623 lucc
1249 2594 1296 2622 est
1313 2599 1320 2621 :
1344 2589 1421 2630 quia
1439 2589 1519 2619 sicut
1538 2588 1663 2619 infectio
1682 2588 1845 2619 derivatur

1069 2649 1104 2679 in
1118 2656 1229 2679 omnes
1244 2655 1263 2676 a
1275 2643 1429 2684 principio
1444 2644 1548 2673 creato
1563 2651 1582 2672 a
1597 2651 1661 2682 quo
1683 2643 1719 2673 fit
1733 2651 1844 2682 propa-

1072 2701 1159 2741 gatio
1174 2707 1354 2740 corporum,
1366 2699 1396 2728 et
1411 2696 1472 2727 hoc
1486 2705 1505 2727 a
1520 2698 1608 2736 parte
1624 2696 1777 2735 inferiori,
1789 2694 1845 2727 sci-

1106 2767 1109 2777 ¹
1128 2765 1180 2787 lino
1195 2762 1278 2793 Fulg.‚
1293 2760 1322 2785 de
1336 2760 1395 2784 Fid.
1411 2759 1445 2784 ud
1460 2759 1538 2789 Petu,
1554 2767 1576 2783 c.
1591 2765 1618 2783 ιι,
