2003 3037
66 491 170 518 Operatio

98 2042 167 2062 Heni<

75 2073 149 2093 teutiae

61 2103 167 2125 definitio.

794 205 910 236 PAn'r.
935 205 988 237 ΙΙΙ.
1010 205 1118 239 SECT.
1144 208 1191 239 Ll.

187 273 294 313 gitans
309 273 422 305 ardore
442 273 578 304 afficitur
605 272 784 310 charitatis,
800 274 832 303 et
852 271 902 311 ei,
924 271 963 303 de

186 335 251 367 quo
265 326 429 367 recogitat,
442 326 605 368 Jungitun
623 325 708 357 etsie
723 325 960 366 incorporatum

187 381 218 411 et
245 380 323 412 dum
349 380 586 421 incorporatur,
612 377 771 416 reficitur,
797 381 828 410 et
855 378 960 418 magis

186 432 391 465 assimilatur.

228 486 407 527 Spiritualis
427 487 536 517 autem
551 485 703 526 operatio,
730 485 798 517 sive
824 485 964 516 efficacia

186 541 285 582 hujus
299 540 504 579 sacramenti,
522 541 567 570 est
589 539 683 571 unire
699 550 706 570 ε
723 549 787 570 non
808 539 845 570 de
860 548 960 576 novo,

186 594 240 625 sed
261 595 330 635 jam
352 593 460 625 unitos
483 602 540 634 per
566 593 703 633 gratiam
726 593 831 632 magis
855 593 961 624 unire.

186 647 289 687 Digne
300 647 385 678 enim
398 646 598 678 accedentem
609 646 710 677 reddit
724 646 960 685 ferventiorem,

185 703 222 732 ut
235 700 330 732 carbo
345 699 483 740 ignitus;
501 701 532 731 et
545 699 725 736 fortiorem,
750 701 786 730 ut
800 699 904 730 bonus
917 699 960 730 ci-

185 754 254 785 bus
264 753 302 785 Et
309 755 346 785 ut
353 753 446 785 istam
457 753 629 785 efficaciam
638 753 754 784 habeat
763 754 794 784 in
803 755 960 790 sumente,

185 807 289 848 primo
298 809 422 848 oportet
431 808 537 848 ipsum
548 809 730 839 sumentem
744 807 850 838 cibum
863 807 961 838 istum

183 860 224 891 ab
241 859 311 890 aliis
330 860 509 892 discernere
532 869 589 900 per
610 860 721 898 fidem;
741 859 881 890 secundo
902 860 961 890 ho-

184 913 315 954 spitium
347 922 528 954 praeparare
555 923 611 954 per
636 914 687 944 sui
719 913 959 954 probationem3

184 967 276 998 tertio
296 967 331 998 in
355 967 529 1008 hospitium
555 969 701 1007 paratum
728 967 869 1007 recipere
885 976 959 998 cum

183 1020 305 1052 honore
319 1022 349 1051 et
364 1020 543 1051 devotione.
568 1019 606 1051 Et
628 1020 698 1051 talis
722 1020 837 1050 dicitur
863 1020 962 1059 digne

183 1073 340 1105 accedere.
359 1072 439 1105 Nota
452 1073 490 1105 de
505 1072 618 1104 hostiae
633 1073 785 1104 fractione
800 1082 912 1104 versus
929 1084 935 1103 :

246 1163 335 1188 Hostia
349 1163 469 1187 dividitur
483 1163 509 1187 in
524 1164 626 1194 partes;
644 1162 724 1187 tincta
735 1162 834 1193 beatos,

246 1199 324 1224 Plene
338 1199 405 1224 sicca
419 1201 492 1224 notat
506 1199 588 1229 vivos,
601 1199 702 1223 servata
715 1199 837 1229 sepultos.

224 1288 350 1319 Fractio
361 1290 409 1319 est
423 1288 542 1328 passio;
560 1290 665 1328 partes
680 1288 800 1326 fractae,
816 1290 882 1318 tres
895 1289 962 1327 jus-

183 1343 291 1373 torum
306 1342 505 1373 differentiae.
518 1341 653 1379 Quidam
664 1343 802 1381 regnant
812 1342 844 1372 in
861 1342 958 1378 coelo;

183 1395 218 1426 hi
232 1404 288 1435 per
302 1395 433 1427 tinctam
453 1407 458 1426 :
477 1396 608 1443 quidam
623 1396 724 1426 securi
742 1397 910 1435 expectant
927 1395 960 1426 in

183 1448 349 1488 sepulcris,
374 1449 407 1479 hi
431 1458 486 1489 per
508 1458 579 1480 eam
602 1457 675 1490 quae
695 1449 871 1489 antiquitus
893 1458 958 1479 scr-

183 1502 336 1541 vahatur;
347 1503 479 1542 quidam
493 1505 640 1543 pugnant
654 1503 686 1533 in
703 1503 844 1541 mundo,
860 1502 892 1532 hi
906 1512 961 1542 per

183 1556 298 1587 siccam
313 1559 435 1597 partem
450 1557 562 1587 hostiae
576 1557 772 1596 figurantur.

410 1665 626 1699 SECTIO
665 1665 730 1698 LI.

459 1747 497 1774 De
511 1747 682 1773 Paenitentia.

222 1824 374 1864 Sequitur
389 1825 496 1855 videre
510 1824 548 1855 de
563 1824 749 1864 poenitentia
759 1825 779 1862 ¹,
801 1826 959 1864 quantum

181 1877 219 1907 ad
235 1876 393 1907 diversam
409 1877 646 1915 diffinitionem,
673 1877 832 1908 diversam
853 1877 958 1908 nomi-

180 1930 361 1968 nationem,
386 1931 634 1970 integrationem
647 1955 656 1969 ,
678 1931 938 1970 justificationem
950 1955 958 1969 ‚

181 1984 212 2012 et
226 1982 504 2021 significationem.
523 1983 727 2022 Poenitentia,
744 1986 903 2023 quantum
920 1984 957 2014 ad

181 2038 286 2066 actum
302 2037 520 2076 principalem,
531 2037 574 2067 sic
586 2037 758 2067 diffinitur:
772 2036 959 2067 Poenitentia

182 2091 228 2120 est
246 2091 348 2129 prima
371 2091 488 2129 virtus,
511 2091 669 2130 perimens
685 2093 826 2122 veterem
847 2091 955 2121 homi-

182 2151 267 2173 nem.
286 2144 494 2174 Ambrosius:
518 2155 531 2172 a
548 2144 739 2174 Poenitentia
762 2146 807 2174 est
826 2144 915 2174 dolor
929 2147 960 2174 et

183 2197 360 2227 amaritudo
375 2198 502 2233 animae,
519 2207 576 2236 pro
587 2198 720 2237 peccatis
735 2207 808 2237 quae
822 2198 958 2237 quisque

182 2250 351 2280 commisit.
368 2261 382 2278 n
408 2250 609 2289 Augustinus
623 2254 634 2269 ¹
651 2262 657 2281 ι
682 2263 696 2279 «
712 2251 898 2282 Paenitentia
912 2255 958 2283 est

182 2303 329 2343 quaedam
352 2303 486 2334 dolentis
507 2304 656 2341 vindicta,
674 2313 799 2344 semper
822 2305 956 2344 puniens

182 2357 216 2386 in
229 2365 273 2394 se,
289 2357 373 2395 quod
388 2357 471 2387 dolet
486 2357 694 2387 commisisse.
710 2368 724 2385 ›)
744 2358 822 2388 Item
836 2359 955 2389 diffini-

182 2411 246 2446 tur,
270 2411 427 2449 quantum
451 2410 490 2440 ad
512 2412 618 2440 actum
644 2419 825 2447 annexum,
850 2412 894 2442 sic
916 2413 955 2442 ab

182 2462 350 2493 Ambrosio
366 2464 376 2480 ³
391 2474 396 2493 :
410 2475 421 2491 α
436 2462 626 2493 Poenitentia
639 2466 684 2494 est
698 2466 858 2503 praeterita
873 2466 958 2496 mala

182 2515 345 2553 plangere,
362 2518 393 2546 et
410 2516 589 2555 plangenda
602 2517 717 2547 iterum
734 2526 797 2547 non
811 2520 957 2549 commit-

218 2579 223 2592 ¹
239 2577 293 2600 Vid.
310 2585 375 2608 sup..
399 2579 498 2607 Brevia,
521 2586 545 2609 p.
568 2580 627 2609 Vll,
646 2587 668 2603 e.
687 2587 710 2603 x.
730 2593 758 2597 —-
774 2581 783 2596 2
803 2582 854 2605 lmo
870 2585 958 2607 auctor

182 2612 225 2635 hb.
245 2612 274 2635 de
301 2620 350 2636 uer.
376 2615 398 2636 et
417 2614 477 2643 fids.
499 2615 596 2643 l’oem't„
619 2623 641 2639 c.
662 2622 709 2639 vui
738 2629 766 2633 -
782 2616 792 2632 ³
810 2617 868 2640 Vid.
891 2625 937 2648 sup
951 2637 957 2648 ,

182 2648 259 2675 Scnt„
274 2648 317 2673 lib,
340 2650 381 2678 lv,
400 2650 456 2673 dist.
478 2656 530 2678 x1V,
546 2650 599 2681 huj.
614 2651 674 2674 edit.
692 2654 753 2674 toni.
772 2652 800 2682 V,
818 2660 842 2683 p.
860 2655 904 2677 533
929 2668 957 2672 —-

181 2684 191 2700 ⁴
203 2684 290 2715 Greg,
305 2685 331 2708 ιή
347 2684 451 2716 Ευαηῃ.,
467 2686 536 2711 hom.
552 2693 648 2717 xxxiv,
664 2690 721 2718 post
744 2689 810 2712 med.
824 2702 853 2706 —-
866 2690 875 2706 ⁵
889 2690 956 2722 Mag.

1737 212 1796 242 423

1019 275 1096 305 tere.
1114 285 1128 303 ι)
1148 275 1324 316 Gregorius
1339 277 1350 294 ⁴
1367 288 1372 307 :
1401 288 1416 305 α
1442 277 1627 308 l'oenitentia
1641 279 1689 309 est
1703 279 1792 309 ante-

1019 329 1088 358 acta
1100 328 1182 359 mala
1190 328 1316 367 deflere,
1329 329 1470 361 etflenda
1480 339 1545 361 non
1553 331 1764 363 committere.
1777 341 1791 359 r>

1019 380 1098 412 Item
1112 381 1155 412 sic
1167 381 1177 398 ⁸
1194 393 1201 412 :
1223 393 1237 412 α
1257 381 1443 414 l‘oenitentia
1460 385 1507 414 est
1521 383 1635 423 virtus,
1650 384 1701 415 vel
1717 393 1793 424 gra-

1020 433 1073 470 tia,
1092 443 1155 472 qua
1177 435 1348 466 commissa
1363 435 1446 466 mala
1468 445 1542 467 cum
1565 437 1797 469 emendationis

1019 487 1179 527 proposito
1206 487 1390 527 plangimus
1413 491 1444 520 et
1472 489 1616 528 odimus,
1646 492 1677 521 et
1703 491 1793 530 plan-

1019 541 1124 578 genda
1139 540 1274 572 ulterius
1288 542 1484 573 committere
1500 543 1661 574 nolumus.
1679 554 1692 571 n
1712 543 1796 574 Diffi-

1020 593 1106 624 nitur
1117 594 1223 632 etiam,
1241 597 1399 634 quantum
1414 595 1453 626 ad
1469 595 1630 633 effectum,
1647 605 1666 626 a
1680 596 1795 627 Dama-

1019 655 1112 677 sceno
1127 647 1171 678 sic
1187 658 1193 678 :
1214 659 1227 676 «
1252 647 1442 680 Poenitentia
1461 651 1507 680 est
1526 650 1566 680 ab
1585 659 1622 681 eo
1644 650 1730 690 quod
1752 652 1798 681 est

1020 702 1135 739 praeler
1150 703 1317 740 naturam,
1336 701 1368 732 in
1390 702 1421 733 id
1444 703 1529 743 quod
1553 705 1602 734 est
1622 703 1796 734 secundum

1019 755 1166 784 naturam
1182 778 1189 792 ,
1218 755 1395 786 conversio.
1428 767 1442 784 η
1472 755 1565 794 Item,
1595 765 1691 796 super
1718 757 1798 788 illud

1019 806 1168 839 Matthoez'
1178 811 1188 828 ⁶
1201 817 1213 838 :
1227 808 1451 841 Paenitentiam
1461 809 1546 849 aqite
1555 819 1565 840 :
1582 820 1595 837 «
1609 808 1800 840 Poenitentia

1018 863 1065 891 est
1079 862 1231 892 correctio
1247 862 1339 893 malae
1364 863 1490 894 mentis.
1508 873 1522 892 n
1542 863 1746 903 Augustinus
1760 867 1771 884 ⁷
1790 875 1796 896 :

1024 925 1038 943 α
1054 914 1243 946 Paenitentia
1256 918 1304 946 est
1318 915 1464 955 quaedam
1479 925 1531 946 res
1546 916 1667 955 optima
1679 919 1711 947 et
1725 926 1797 957 per-

1018 967 1115 1006 fecta,
1141 977 1252 999 omues
1280 969 1419 1000 defectus
1445 978 1600 1000 revocans
1630 970 1670 1001 ad
1693 970 1797 1010 perfe—

1018 1023 1117 1052 ctum.
1137 1032 1151 1050 ›)

1061 1074 1250 1105 Paenitentia
1271 1075 1405 1106 diversis
1419 1075 1584 1106 vocabulis
1600 1076 1796 1115 nominatur,

1018 1128 1193 1159 secundum
1210 1128 1295 1165 quod
1317 1128 1443 1159 diversa
1460 1131 1571 1159 contra
1588 1130 1706 1169 peccati
1728 1140 1795 1161 ma-

1018 1182 1124 1212 culam
1137 1184 1299 1222 operatur.
1316 1181 1450 1222 Expellit
1460 1182 1547 1213 enim
1563 1183 1681 1222 peccati
1694 1185 1798 1214 actua·

1017 1235 1055 1265 lis
1070 1235 1242 1273 maculam,
1257 1245 1330 1275 quae
1346 1236 1488 1266 animam
1503 1237 1669 1275 deformat,
1687 1239 1797 1277 poten-

1017 1290 1093 1320 tiam
1121 1290 1159 1320 ad
1181 1289 1302 1320 malum
1328 1289 1475 1329 inclinat,
1502 1291 1569 1322 sive
1591 1290 1795 1329 dehabilitat,

1017 1345 1167 1373 naturam
1198 1343 1363 1381 vulnerat,
1393 1345 1466 1374 actu
1491 1343 1601 1375 liberae
1624 1344 1796 1374 voluntatis

1017 1397 1229 1427 committitur
1240 1419 1249 1433 ,
1273 1405 1347 1427 cum
1374 1396 1582 1428 delectatione
1609 1400 1639 1428 et
1668 1398 1797 1429 libidine

1017 1452 1227 1489 perpetratur.
1246 1449 1353 1480 Delere
1368 1452 1476 1480 autem
1493 1450 1543 1481 cul
1549 1459 1621 1490 pam
1636 1453 1673 1481 ut
1689 1451 1796 1482 defor-

1018 1504 1170 1540 mantem,
1187 1505 1234 1533 est
1254 1503 1368 1542 gratiae
1380 1503 1600 1541 reformanti53
1618 1506 1653 1534 ut
1669 1504 1798 1535 dehabi-

1017 1555 1172 1593 litantem,
1199 1558 1245 1587 est
1268 1556 1396 1586 virtutis
1420 1557 1631 1594 habilitanti53
1661 1559 1697 1588 ut
1726 1558 1797 1588 vul-

1017 1611 1181 1640 nerantem
1193 1633 1202 1647 ,
1227 1611 1274 1640 est
1288 1611 1477 1641 sacramenti
1493 1611 1652 1648 curantis;
1675 1614 1711 1641 ut
1725 1613 1798 1641 actu

1017 1663 1190 1694 voluntatis
1213 1664 1419 1695 commissam
1430 1688 1438 1702 ,
1457 1673 1514 1704 per
1527 1666 1635 1694 actum
1652 1664 1798 1695 similiter

1017 1717 1206 1755 voluntatis3
1232 1720 1266 1748 ut
1291 1727 1365 1749 cum
1388 1718 1594 1749 delectatione
1614 1721 1643 1749 et
1666 1719 1796 1749 libidine

1018 1773 1249 1810 perpetratam,
1273 1781 1346 1802 cum
1369 1773 1514 1812 passione
1538 1772 1706 1803 contraria.
1725 1772 1796 1802 Ideo

1017 1826 1202 1864 poenitentia
1214 1828 1295 1857 recte
1308 1827 1425 1857 dicitur
1436 1827 1552 1866 gratia,
1565 1827 1679 1865 virtus,
1695 1836 1798 1857 sacra-

1017 1881 1173 1915 mentum,
1191 1882 1281 1910 actus
1294 1882 1324 1910 et
1336 1881 1450 1920 passio.

1059 1932 1164 1962 Partes
1184 1934 1378 1972 poenitentiae
1395 1934 1610 1972 integrantes,
1637 1933 1703 1963 sive
1718 1933 1798 1963 inte-

1017 1986 1134 2024 grales,
1153 1989 1227 2016 sunt
1246 1985 1349 2016 cordis
1365 1986 1524 2024 contritio,
1541 1986 1604 2016 oris
1630 1985 1795 2023 confessio,

1015 2042 1045 2070 et
1060 2040 1164 2079 operis
1180 2039 1361 2070 satisfactio.

1058 2093 1165 2123 Cordis
1188 2093 1334 2123 contritio
1356 2095 1402 2123 est
1426 2092 1516 2123 dolor
1542 2092 1720 2123 voluntarie
1737 2102 1794 2132 pro

1017 2146 1152 2186 peccatis
1183 2147 1376 2185 assumptus
1408 2145 1477 2176 Oris
1502 2146 1656 2175 confessio
1689 2146 1795 2176 debito

1015 2200 1109 2229 modo
1120 2199 1210 2236 facta,
1226 2199 1318 2229 debet
1332 2198 1450 2228 habere
1465 2199 1624 2228 sexdecim
1641 2199 1793 2229 conditio-

1015 2262 1081 2290 nes,
1100 2252 1148 2282 his
1165 2252 1312 2282 versibus
1328 2251 1572 2291 comprehensas
1591 2261 1597 2280 :

1030 2335 1067 2359 Sit
1082 2335 1199 2365 simplex,
1214 2334 1316 2358 humilis
1332 2334 1469 2362 consessio,
1484 2340 1555 2364 pura,
1573 2333 1667 2363 fidelis3

1030 2372 1117 2402 Sitque
1130 2371 1259 2401 frequens
1273 2370 1351 2400 nuda,
1364 2370 1482 2397 discreta,
1495 2369 1585 2398 libens,
1600 2368 1760 2398 verecunda;

1031 2407 1139 2437 integra,
1156 2408 1267 2433 secreta,
1283 2405 1467 2436 lacrymabilis,
1482 2404 1638 2434 accelerata,

1030 2442 1111 2466 Fortis
1126 2444 1150 2465 et
1164 2448 1296 2471 accusans,
1312 2443 1336 2464 et
1350 2441 1382 2464 sit
1397 2447 1486 2470 parere
1499 2442 1596 2470 parata.

1055 2523 1090 2553 In
1105 2525 1243 2562 quatuor
1259 2522 1396 2558 casibus,
1413 2521 1590 2551 secundum
1604 2521 1787 2559 magistros,

1013 2578 1060 2607 est
1075 2576 1228 2606 confessio
1242 2574 1394 2605 iteranda.
1412 2574 1478 2604 Duo
1494 2576 1569 2604 sunt
1584 2583 1623 2604 ex
1639 2577 1727 2614 parte
1739 2582 1789 2603 sa-

1014 2656 1093 2684 Scan,
1113 2656 1155 2679 lib.
1182 2657 1222 2683 lV,
1248 2656 1303 2679 dist.
1328 2661 1382 2685 MV,
1405 2662 1485 2685 sumn,
1510 2656 1571 2677 toln.
1598 2654 1627 2683 V,
1653 2661 1675 2683 p.
1695 2655 1791 2677 507.—

1018 2692 1026 2707 5
1039 2691 1141 2721 Mutila,
1159 2697 1191 2721 iv,
1210 2692 1245 2715 17.
1266 2704 1287 2707 —
1307 2691 1313 2704 7
1331 2691 1384 2714 lmo
1399 2693 1487 2713 auctor
1505 2690 1666 2719 Hyspoyteost„
1683 2688 1726 2712 lib.
1746 2689 1789 2713 ΙΙΙ,

1845 1086 1864 1105 N
1867 1085 1920 1105 omi-

1813 1116 1882 1137 natio.

1828 1938 1919 1964 Integri-

1820 2523 1912 2547 Quando

1818 2555 1846 2574 sit
1862 2554 1902 2573 ite-

1827 2584 1896 2604 rande
