2003 3037
160 1263 233 1284 Chris-

135 1295 170 1314 tus
184 1300 223 1314 cui·

126 1324 189 1345 tei-tia
197 1325 232 1346 die

126 1362 221 1377 resurre-

125 1387 188 1408 xerit.

789 220 840 254 DE
865 221 905 253 IN
908 221 1165 256 CARNATIONE
1188 223 1319 257 VERBI.

247 289 281 321 in
305 289 468 322 Christum
488 289 691 322 crediderunt
704 313 712 328 ,
738 288 894 320 credendo
916 299 1026 331 spera-

247 345 383 382 verunt,
399 345 431 375 et
444 343 600 384 sperando
613 344 806 374 amaverunt
822 352 830 374 :
846 352 882 375 ac
896 353 952 384 per
967 344 1028 376 hoe

247 399 356 430 statim
371 398 482 430 debuit
496 397 536 429 ad
550 397 667 428 interos
681 397 872 430 descendere
887 399 926 430 ad
941 399 949 429 i
953 408 1025 440 pso-

247 461 322 484 rum
336 452 569 484 liberationem.
596 451 684 483 Unde
699 454 809 492 aperta
830 453 932 492 janua
956 453 1027 484 coeli

247 516 305 547 per
334 506 448 538 Christi
484 505 664 546 passionem
680 529 689 544 ,
718 506 774 546 qui
805 506 1027 539 satisfaciendo

247 561 411 592 amoverat
425 559 625 600 romphaeam
639 569 646 598 ;
665 559 819 591 mutando
835 561 1027 592 sententiam

247 615 390 647 divinam
403 638 412 653 ,
429 614 547 654 eripuit
561 614 600 646 de
616 613 740 646 inferno
755 614 865 645 omnia
881 615 1028 647 membra

245 677 315 700 sua.
333 667 445 699 Debuit
467 668 564 699 etiam
586 668 705 699 habere
720 669 896 700 efficaciam
912 669 1027 709 praeci-

245 732 344 763 puam
358 722 391 753 in
410 731 464 753 eos
480 722 537 762 qui
553 721 666 753 Christi
683 722 858 754 adventum
883 732 1025 763 sequun-

245 778 298 808 tur
311 787 318 815 ;
332 778 367 807 ut
382 776 570 807 attrahendo
591 776 631 807 ad
646 776 742 808 fidem
754 800 761 814 ‚
778 786 867 817 spem
878 801 887 815 ,
904 779 935 808 et
950 777 1025 808 cha-

245 830 371 862 ritatem
383 855 390 869 ‚
406 830 534 861 tandem
549 830 588 861 ad
605 830 742 869 gloriam
759 831 947 871 perduceret
961 840 1027 863 coe-

247 884 369 915 lestem.

288 936 327 968 Ut
340 937 442 977 igitur
457 937 628 968 aedificaret
651 937 691 968 ad
706 938 820 976 fidem,
841 947 908 978 qua
921 938 1025 969 credi-

247 1000 320 1022 mus
335 991 494 1022 Christum
516 1000 633 1022 verum
654 991 836 1030 hominem,
858 994 889 1022 et
911 1001 1027 1023 verum

246 1044 347 1076 Deum
360 1056 367 1083 ;
393 1054 456 1084 qua
481 1044 577 1075 etiam
599 1045 760 1076 credimus
779 1054 855 1076 eum
888 1046 1028 1077 voluisse

245 1107 304 1129 nos
318 1098 477 1129 redimere
499 1107 556 1139 per
576 1101 713 1129 mortem
724 1123 733 1137 ,
751 1101 782 1130 et
797 1099 836 1130 ad
852 1099 953 1131 vitam
968 1109 1027 1131 nos

246 1152 397 1184 reducere
408 1162 498 1193 posse
513 1162 570 1194 per
583 1153 868 1191 resurrectionem,
885 1154 956 1185 ideo
971 1163 1027 1186 vo-

246 1204 306 1236 luit
320 1213 492 1244 resurgere
507 1205 546 1236 ad
560 1205 661 1237 vitam
677 1205 892 1236 immortalem
904 1230 913 1243 ,
930 1206 1027 1237 inter-

243 1260 327 1299 J'ecto
342 1261 448 1290 tamen
464 1259 566 1299 spatio
581 1260 734 1300 temporis
752 1259 857 1291 debito
869 1283 878 1298 ,
907 1259 1026 1291 scilicet

247 1313 382 1353 triginta
406 1323 463 1344 sex
491 1313 665 1352 horarum,
695 1314 729 1344 in
749 1323 814 1354 quo
833 1314 1024 1354 ostenditur,

247 1367 334 1407 quod
348 1376 423 1398 vere
438 1369 585 1399 mortuus
598 1367 657 1398 fuit
673 1378 679 1398 :
696 1377 755 1398 nec
776 1367 881 1407 magis
902 1368 1023 1399 accele-

247 1430 318 1452 rare
332 1421 458 1459 debuit,
474 1430 514 1452 ne
537 1421 563 1451 si
578 1420 672 1452 citius
690 1423 889 1461 resurgeret,
916 1422 1026 1454 crede-

243 1477 332 1506 retur
347 1476 432 1516 quod
447 1485 512 1507 non
527 1485 602 1507 vere
618 1477 764 1507 mortuus
780 1476 901 1514 fuisset,
919 1477 973 1508 sed
991 1486 1025 1509 se

243 1531 410 1561 mortuum
424 1531 585 1568 finxisset,
603 1539 661 1561 neo
674 1530 812 1571 amplius
827 1530 967 1570 differre,
983 1541 1024 1563 ne

242 1583 269 1614 si
284 1592 410 1624 semper
427 1585 547 1625 jaceret
563 1585 596 1615 in
618 1586 738 1623 morte,
755 1585 937 1616 crederetur
961 1585 1024 1616 im-

192 1674 201 1684 .
243 1639 354 1677 potens
367 1662 374 1675 ‚
400 1640 431 1669 et
445 1639 530 1678 quod
545 1638 650 1669 nullos
666 1640 771 1678 posset
784 1639 823 1669 ad
840 1639 939 1670 vitam
968 1649 1024 1671 re-

150 1752 230 1770 A-‚ceu-

161 1781 193 1802 sio

134 1813 216 1833 Chi-isti

123 1850 164 1865 nos
185 1846 229 1864 eri-

136 1875 168 1902 git
188 1876 216 1896 ad

146 1913 208 1932 spem

137 1939 214 1965 glorias

123 1971 225 1994 celestis.

243 1701 374 1729 vocare,
391 1692 526 1732 ideoque
541 1692 717 1723 resurrexit
732 1692 824 1723 tertia
838 1692 900 1724 die.

284 1745 446 1786 Amplius,
463 1748 500 1777 ut
513 1747 655 1786 erigeret
668 1747 707 1777 ad
722 1756 812 1787 spem
827 1771 834 1785 ‚
856 1747 895 1777 ad
911 1747 1021 1779 coeles-

244 1802 309 1831 tem
324 1801 464 1831 ascendit
480 1801 616 1840 gloriam
626 1825 635 1839 ,
648 1810 745 1841 quam
758 1810 938 1841 speramus.
959 1801 1021 1833 Sed

245 1855 321 1895 quia
335 1864 406 1895 spes
421 1865 484 1886 non
504 1856 616 1895 oritur,
641 1856 703 1887 nisi
719 1865 758 1887 ex
774 1856 835 1887 fide
850 1857 1020 1888 immorta-

243 1909 339 1940 litatis
353 1909 470 1940 futurae
484 1919 491 1948 ;
508 1910 578 1941 ideo
593 1919 657 1941 non
670 1911 778 1941 statim
789 1910 931 1941 ascendit
943 1935 951 1949 ,
968 1911 1022 1942 sed

243 1963 344 2003 spatio
368 1963 583 2003 quadraginta
606 1964 731 1995 dierum
760 1965 928 2004 interjecto
949 1988 958 2003 ,
988 1965 1022 1996 in

243 2024 307 2056 quo
328 2025 385 2056 per
404 2016 505 2048 multa
524 2018 618 2057 signa
635 2020 666 2049 et
687 2020 885 2058 argumenta
912 2028 1021 2050 veram

243 2069 421 2101 ostenderet
440 2072 706 2103 resurrectionem
718 2097 727 2111 ,
753 2082 809 2113 per
826 2082 923 2113 quam
949 2073 1020 2104 ani-

277 2133 281 2146 ¹
294 2133 302 2156 l
315 2132 383 2162 Cor„
397 2139 450 2164 xii,
466 2135 533 2158 8-11.

1808 232 1869 262 295

1083 300 1158 323 mus
1172 292 1364 325 solidaretur
1378 293 1412 325 in
1436 294 1517 334 fide,
1541 296 1571 327 et
1587 296 1811 329 sublevaretur
1827 298 1868 329 ad

1084 346 1275 386 sperandam
1291 346 1431 386 gloriam
1447 347 1620 382 coelestem.

1122 399 1286 431 Postremo
1297 424 1304 438 ‚
1321 403 1357 431 ut
1372 401 1588 434 inflammaret
1601 404 1641 435 ad
1656 405 1844 437 charitatem
1855 430 1862 444 ‚
1914 407 1988 442 0¹²3·ss

1084 453 1171 484 misit
1184 453 1297 493 ignem
1312 453 1449 494 Spiritus
1463 457 1563 487 sancti
1581 458 1612 488 in
1630 458 1680 489 die
1696 459 1864 491 Pentecos-
1880 439 1915 490 Ἣ
1924 441 1988 496 Si?

1084 508 1139 538 tes.
1157 506 1194 537 Et
1215 507 1292 547 quia
1312 507 1421 539 nullus
1441 508 1501 540 hoc
1523 510 1599 550 igne
1621 512 1773 552 repletur,
1798 513 1861 545 nisi
1879 500 1988 553 ”iissnsssiff

1083 560 1139 601 qui
1155 561 1248 600 petit,
1265 561 1382 601 quaerit
1395 563 1426 592 et
1445 563 1553 602 pulsat
1574 573 1649 595 cum
1664 565 1816 605 instanti,
1834 569 1866 598 et
1889 564 1974 598 ΨΜ·

1082 614 1267 655 importuno
1287 615 1354 655 spei
1375 616 1550 656 desideri03
1567 618 1638 650 ideo
1661 629 1728 651 non
1755 621 1862 652 statim
1878 593 1985 645 ἷὲιέιάἶῗι·

1281 669 1286 675 .
1437 670 1443 676 .
1466 671 1472 677 .
1759 673 1765 680 ,
1878 661 1926 676 ram
1940 661 1987 677 sei·-

1082 670 1154 709 post
1168 677 1385 700 ascensionem
1400 673 1488 701 misit
1500 696 1507 709 ‚
1531 672 1586 703 sed
1604 672 1712 704 decem
1737 673 1864 705 dierum
1878 687 1945 707 mit.

1083 722 1185 762 spatio
1200 722 1375 763 interjecto,
1389 723 1422 754 in
1437 733 1501 764 quo
1512 725 1657 766 discipuli
1662 727 1862 766 jeJunantes‚

1082 777 1209 807 orantes
1224 779 1255 807 et
1270 778 1436 816 gementes
1451 778 1678 818 disposuerunt
1690 789 1724 812 se
1738 781 1778 812 ad
1792 781 1864 822 Spi-

1082 830 1165 861 ritus
1179 830 1279 861 sancti
1296 831 1541 871 susceptionem.
1560 833 1606 864 Ac
1620 842 1677 873 per
1698 834 1760 866 hoc
1780 835 1863 867 sicut

1082 884 1221 915 debitam
1236 885 1378 917 servavit
1393 885 1508 916 horam
1527 886 1561 917 in
1576 887 1745 927 patiendo,
1770 889 1816 920 sic
1831 890 1865 921 in

1082 938 1297 978 resurgendo,
1324 939 1369 969 sic
1389 939 1424 969 in
1444 940 1645 972 ascendendo
1664 941 1698 972 in
1723 942 1860 983 coelum,

1082 992 1127 1022 sic
1141 992 1175 1022 in
1190 992 1344 1023 mittendo
1359 991 1514 1033 Spiritum
1531 996 1679 1026 sanctum
1690 1020 1698 1035 ,
1715 998 1747 1027 et
1762 1006 1858 1037 prop-

1082 1047 1130 1076 ter
1149 1046 1368 1077 fundationem
1388 1047 1489 1078 trium
1513 1047 1673 1080 virtutum
1695 1051 1864 1090 praedieta—

1082 1108 1168 1138 rum,
1187 1101 1218 1130 et
1232 1101 1362 1140 propter
1377 1100 1480 1131 multa
1495 1103 1658 1142 mysteria,
1676 1113 1750 1144 quae
1766 1104 1800 1136 in
1815 1105 1866 1136 his

1081 1153 1281 1194 temporibus
1295 1153 1512 1193 implicantur.

1120 1206 1159 1238 Et
1172 1207 1325 1248 quoniam
1341 1206 1480 1247 Spiritus
1495 1210 1636 1245 sanctus,
1654 1211 1710 1251 qui
1726 1211 1866 1244 charitas

1081 1265 1149 1300 est,
1164 1263 1196 1292 et
1211 1271 1267 1301 per
1283 1261 1472 1293 charitatem
1488 1262 1636 1302 habetur,
1654 1266 1701 1295 est
1716 1265 1863 1297 omnium

1080 1315 1175 1355 origo
1187 1315 1418 1347 charismatum
1429 1327 1436 1354 ;
1450 1316 1520 1347 ideo
1530 1326 1605 1348 cum
1616 1317 1777 1350 descendit
1790 1319 1864 1360 Spi-

1080 1370 1161 1401 ritus
1176 1372 1316 1409 sanctus,
1333 1370 1437 1402 effusa
1448 1373 1496 1402 est
1507 1372 1670 1412 plenitudo
1681 1373 1859 1406 charisma-

1080 1425 1150 1455 tum
1169 1425 1208 1456 ad
1232 1434 1348 1465 corpus
1373 1425 1489 1456 Christi
1514 1426 1688 1467 mysticum
1712 1437 1862 1461 consum-

1080 1478 1246 1510 mandum.
1273 1478 1311 1510 Et
1332 1479 1408 1519 quia
1425 1480 1552 1512 diversa
1574 1481 1721 1513 membra
1746 1482 1862 1514 debent

1079 1540 1147 1563 esse
1157 1532 1191 1563 in
1202 1542 1333 1572 corpore
1342 1533 1489 1573 perfecto,
1502 1536 1533 1564 et
1542 1534 1744 1567 diversorum
1757 1545 1861 1568 mem-

1078 1588 1212 1619 brorum
1227 1587 1354 1617 diversa
1369 1587 1473 1618 officia
1487 1590 1518 1618 et
1533 1588 1696 1626 exercitia,
1713 1591 1744 1620 et
1753 1590 1861 1622 diver-

1078 1650 1188 1672 sorum
1204 1641 1383 1672 officiorum
1399 1641 1525 1672 diversa
1549 1642 1744 1674 charismata
1755 1655 1763 1682 ;
1787 1644 1863 1676 hinc

1078 1698 1144 1734 est,
1167 1695 1253 1735 quod
1270 1699 1278 1714 ¹
1296 1696 1357 1727 um·
1381 1695 1479 1727 datur
1492 1703 1548 1735 per
1574 1697 1736 1736 Spiritum
1759 1705 1862 1732 sermo

1078 1750 1264 1789 sapientiae,
1291 1748 1353 1780 alti*
1371 1756 1473 1781 sermo
1490 1750 1652 1788 scientz'oe,
1675 1750 1737 1783 alii
1760 1751 1862 1792 fides,

1078 1802 1140 1834 aliz*
1153 1803 1264 1842 qratia
1286 1803 1487 1841 sanitatum,
1504 1803 1566 1835 alii
1585 1806 1730 1844 operatio
1754 1806 1860 1838 virtu-

1078 1860 1156 1896 tum,
1168 1857 1229 1888 alti
1236 1856 1417 1896 prophetia,
1431 1857 1493 1888 alit
1500 1857 1656 1890 diseretio
1666 1860 1859 1899 spirituum,

1077 1912 1138 1944 ulii
1162 1920 1278 1952 qenera
1302 1912 1490 1951 linquat-um
1506 1936 1515 1950 ,
1544 1912 1606 1944 ulii
1634 1914 1859 1954 interpretatio

1076 1974 1254 1998 sermonum
1266 1976 1277 1997 .·
1289 1974 1359 2005 quoe
1372 1966 1481 1998 omniu
1492 1970 1643 2006 operatur
1654 1975 1749 2006 unus,
1763 1971 1858 2009 atque

1076 2020 1162 2052 idem
1175 2020 1332 2060 Spiritus,
1348 2019 1503 2052 dividens
1513 2021 1654 2061 stimulis
1666 2025 1764 2062 prout
1776 2023 1856 2062 vult,

1076 2074 1253 2106 secundum
1276 2083 1368 2105 suam
1395 2074 1654 2106 liberalissimam
1680 2077 1856 2116 providen-

1075 2128 1153 2159 tiam
1168 2152 1174 2167 ,
1193 2130 1224 2159 et
1238 2128 1554 2168 providentissimam
1570 2129 1764 2169 largitatem.
