2003 3037
129 918 193 940 Ratio

109 951 215 977 purgato-

109 981 146 1002 rim
167 988 214 1009 poe-

143 1939 219 1965 Culpa,

227 199 286 231 332

227 266 336 298 minus
351 265 391 298 de
404 267 567 299 cremabiti
583 276 692 300 secum
712 277 754 300 ex
776 269 838 300 hac
856 269 923 300 vita
936 271 1003 300 tra-

226 321 356 351 xerunt.
371 319 571 361 Affliguntur
583 323 693 354 autem
714 323 823 355 minus
837 323 982 364 graviter
992 347 1001 362 ‚

226 381 324 413 quam
346 373 380 404 in
398 374 524 406 inferno
535 398 544 413 ‚
559 377 591 408 et
606 376 743 416 gravius
753 400 762 416 ,
778 386 878 418 quam
891 377 927 408 in
942 377 1004 409 hoc

227 426 349 458 mundo
361 436 369 466 ;
385 436 452 459 non
464 429 573 460 tamen
586 429 631 461 ita
644 431 804 470 graviter,
821 431 902 471 quin
917 440 1001 463 sem-

226 488 285 520 per
294 482 425 521 sperent
438 483 469 513 et
482 481 583 514 sciant
596 492 630 515 se
644 484 677 515 in
693 484 819 516 inferno
833 494 898 516 non
914 494 983 518 esse
993 511 1001 526 ,

226 532 299 565 licet
313 533 407 573 forte,
425 543 483 575 pro
498 544 668 576 poenarum
683 538 911 578 magnitudine
923 563 931 577 ‚
942 539 1005 572 hoc

227 585 397 627 aliquoties
415 597 480 620 non
503 589 682 623 advertant.
697 591 763 623 Hac
777 594 885 624 autem
905 593 1003 625 afflic-

227 640 332 680 tione,
350 640 391 672 ab
415 641 495 682 igne
515 644 673 684 corporali
696 644 834 685 inflicta,
857 655 1004 687 purgan-

227 696 282 726 tur
303 694 433 735 spiritus
454 705 474 727 a
491 697 651 738 reatibus,
667 700 699 730 et
713 699 824 731 scoriis
835 724 843 740 ‚
860 702 892 732 et
907 701 1004 733 etiam

228 748 372 789 reliqniis
399 752 602 791 peecatorum
625 764 632 791 ;
659 753 778 794 quibus
808 754 1005 787 sufficienter

229 803 435 843 expurgatis,
451 804 634 837 immediate
658 806 786 839 evolant
806 809 838 838 et
858 808 1003 840 introdu-

229 858 346 888 cuntur
357 858 391 889 in
407 858 546 898 gloriam
558 859 710 892 Paradisi.

271 910 361 943 Ratio
381 915 490 944 autem
509 913 549 944 ad
570 913 817 954 intelligentiam
832 915 1006 956 praedicto-

230 975 305 999 rum
328 966 399 999 haec
420 969 490 999 est:
511 968 588 1008 quia
616 977 691 1000 cum
717 969 858 1010 primum
885 970 1004 1011 priuci-

230 1021 321 1062 pium
332 1044 342 1059 ‚
358 1029 396 1052 eo
418 1021 486 1062 ipso
505 1021 590 1063 quod
613 1023 772 1064 primum,
789 1023 830 1055 sit
845 1025 1005 1064 optimum

229 1077 261 1106 et
284 1075 547 1116 peifectissimum
566 1086 574 1115 ;
599 1079 630 1108 et
653 1086 690 1108 eo
716 1077 784 1117 ipso
807 1078 893 1118 quod
921 1079 1006 1119 opti-

229 1138 337 1167 mum,
354 1129 394 1159 sit
415 1138 541 1160 summe
563 1130 741 1162 amativnm
765 1131 839 1163 boni
852 1156 862 1171 ‚
877 1134 907 1164 et
921 1141 1007 1164 sum-

229 1192 280 1214 me
295 1182 519 1215 detestativum
536 1183 628 1221 mali,
641 1184 724 1216 sicut
739 1194 867 1216 summa
882 1186 1007 1217 bonitas

228 1245 292 1267 non
309 1236 428 1277 patitur
441 1236 524 1277 quod
544 1236 665 1268 bonum
683 1240 809 1269 maneat
822 1238 1006 1284 irremune-

229 1292 355 1328 ratum,
372 1290 416 1320 sic
439 1290 534 1320 etiam
556 1300 619 1321 non
642 1291 733 1321 dohet
748 1292 812 1332 pati
837 1293 921 1333 qnod
937 1302 1007 1324 rna-

229 1344 296 1375 lum
322 1347 485 1375 remaneat
509 1345 716 1385 impunitum.
746 1346 903 1384 Quoniam
927 1357 1007 1386 crgo

229 1399 291 1430 viri
311 1399 389 1438 justi
415 1399 587 1440 aliquando
612 1401 787 1440 decedunt,
813 1402 867 1442 qui
893 1402 925 1432 in
949 1403 1007 1433 bac

231 1452 295 1483 vita
311 1461 376 1483 non
394 1452 530 1483 totaliter
543 1454 762 1493 poenitontiam
779 1455 1005 1496 impleverunt,

230 1515 302 1537 cnm
319 1506 470 1537 meritum
486 1507 563 1538 vitae
584 1510 712 1539 retorna²
729 1509 760 1539 in
779 1510 825 1540 eis
849 1519 914 1540 non
933 1519 1006 1550 pos-

231 1561 271 1591 sit
305 1570 468 1591 remancre
502 1561 774 1594 irremuneratum
796 1589 803 1602 ‚
834 1566 864 1595 et
894 1564 1007 1595 vitium

231 1614 333 1654 culpze
350 1624 412 1645 non
430 1615 527 1655 possit
548 1625 713 1647 remanere
733 1618 931 1658 impunitum
945 1642 952 1655 ‚
970 1627 1009 1648 nc

232 1668 439 1708 perturbetur
466 1669 670 1709 pulchritudo
699 1671 819 1701 ortlinis
845 1671 1008 1710 universi,

233 1730 358 1751 neccsse
373 1724 418 1752 est
440 1723 525 1762 quod
551 1723 608 1762 ipsi
627 1724 763 1755 tinalitcr
781 1725 1007 1764 praemientum

234 1784 361 1805 neccsse
377 1778 420 1806 est
443 1777 537 1807 ctiam
562 1778 645 1816 qnod
671 1778 769 1808 iidem
794 1778 1010 1818 temporaliter

233 1829 409 1867 puniantur
423 1830 597 1860 secundum
615 1840 748 1862 suarum
764 1831 930 1871 culparum
947 1832 1011 1862 exi-

233 1882 377 1921 gentiam
394 1885 423 1913 ct
440 1885 576 1914 reatum.

278 1936 313 1967 tlt
337 1936 411 1976 qnia
434 1936 525 1977 culpa
551 1937 755 1969 eonnnissiva
772 1963 779 1977 ‚
803 1941 833 1969 et
856 1939 1012 1970 otl'eiisiva

236 1989 293 2019 snit
325 1990 497 2028 maiestatis
531 1990 648 2021 (livinae
674 2014 681 2027 ,
713 1994 743 2022 ct
773 1992 1011 2023 ‹lamniticativa

236 2042 402 2080 Ecclesiae,
429 2045 458 2073 et
483 2043 691 2074 ‹lesormativa
717 2045 869 2083 imaginis
892 2046 1012 2076 divinae

236 2096 333 2126 nicnti
364 2097 482 2127 nostra!
511 2096 675 2137 impressae
695 2122 702 2136 ‚
729 2099 869 2129 maximo
897 2099 921 2129 si
954 2100 1013 2130 tuit

236 2149 329 2189 culpa
354 2150 518 2188 mortalis,
545 2153 575 2181 ct
599 2151 731 2182 venialis
755 2153 850 2182 etiarn
875 2153 1013 2193 disponit

236 2203 274 2233 ail
292 2203 368 2240 lioc;
388 2206 419 2233 ct
435 2204 472 2234 dc
486 2204 607 2235 otl'ensa
624 2206 798 2246 requiritur
816 2207 937 2245 punitio
950 2231 958 2245 ‚
976 2207 1014 2237 <le

237 2255 354 2285 «lanino
379 2266 454 2286 vcro
479 2259 604 2296 agenda
629 2262 673 2289 cst
698 2260 868 2290 satisfactio
889 2285 896 2297 ‚
921 2263 951 2291 ct
976 2260 1014 2291 tle

237 2309 465 2341 dcl-minatione
497 2312 686 2351 inquirenda
718 2316 762 2343 cst
792 2314 1012 2353 expurgatio:

238 2361 312 2392 hinc
335 2366 378 2393 cst
400 2364 484 2403 quod
508 2374 635 2395 neccsse
658 2369 720 2404 est,
744 2367 828 2407 qnod
853 2376 947 2407 poena
963 2367 1015 2397 illa

239 2416 278 2445 sit
300 2417 384 2454 juste
410 2418 554 2457 punitiva
573 2443 581 2457 ,
607 2420 706 2459 ‹ligne
728 2421 936 2452 satisfactoria
953 2445 960 2459 ‚
985 2423 1016 2451 ct

795 199 1051 240 BREVILOQUH
1072 201 1177 235 PARS
1194 202 1265 236 vn.

1059 277 1102 301 ex
1121 279 1257 311 quornm
1278 271 1444 304 occasione
1465 271 1662 314 perpetravit
1682 273 1834 316 cnlpam‚'

1059 323 1092 354 et:
1110 323 1234 356 ratione
1253 333 1392 366 quorum
1412 327 1445 357 et
1464 324 1567 358 Deum
1581 327 1789 368 contempsit,
1802 328 1836 359 et

1060 375 1202 417 seipsum
1225 377 1324 409 vilem
1346 378 1421 410 fecit
1436 389 1444 410 ε
1459 378 1538 410 hinc
1558 381 1625 419 est,
1647 379 1735 420 quod
1756 379 1836 412 ordo

1060 429 1180 462 divinae
1194 431 1330 472 ,iustitiae
1353 432 1472 472 exigit,
1487 434 1524 464 ut
1547 432 1679 473 spiritus
1698 433 1739 464 ab
1757 432 1837 474 igne

1061 484 1218 516 materiali
1233 484 1352 517 habeat
1365 485 1489 526 puniri,
1504 487 1542 518 ut:
1560 485 1644 518 sieut
1658 486 1837 518 secundum

1060 536 1206 569 ordinem
1213 539 1338 570 naturae
1348 539 1458 570 anima
1470 539 1583 571 unitur
1592 539 1730 580 corpori,
1739 541 1777 571 ut
1784 539 1838 572 in-

1061 590 1141 622 fluat
1150 591 1250 622 vitam
1260 592 1320 633 ipsi
1335 593 1472 633 corpori,
1483 593 1528 624 sic
1537 593 1671 625 uniatur
1685 593 1760 633 igni
1772 601 1839 625 ma-

1061 644 1164 676 teriali
1183 645 1362 677 secundum
1380 646 1526 678 ordinem
1537 647 1685 687 justitiae,
1696 648 1734 678 ut
1748 647 1840 688 puni-

1061 697 1124 730 bile
1135 699 1293 739 punienti,
1304 708 1396 740 aquo
1404 700 1555 741 suscipiat
1563 709 1704 742 poenam.
1716 699 1754 732 Et
1761 701 1839 742 quia

1062 752 1124 783 viri
1133 752 1214 793 Justi
1227 752 1285 794 qui
1299 753 1422 784 suntin
1437 754 1558 794 gratia,
1573 762 1640 786 non
1655 755 1734 785 sunt
1747 753 1839 794 digni

1062 805 1123 837 nisi
1139 814 1234 847 poena
1247 806 1431 838 transitoria
1440 830 1451 846 ,
1465 808 1498 838 et
1510 808 1600 839 tanto
1613 807 1729 848 maj0ri
1744 807 1838 847 digni
1855 819 1863 824 ·

1063 861 1137 891 sunt
1165 868 1260 900 poena
1273 883 1282 899 ‚
1308 861 1429 900 quanto
1457 860 1582 900 majora
1610 860 1841 898 commiserunt

1063 915 1205 954 peccata,
1221 915 1253 944 et
1270 913 1428 945 minorem
1442 915 1580 953 egerunt
1594 913 1815 954 poenitentiam
1831 925 1839 946 ι

1063 966 1137 998 hinc
1150 969 1216 1005 est,
1233 966 1317 1007 quod
1334 966 1374 998 ab
1393 966 1471 1006 igue
1486 966 1643 998 materiali
1660 966 1842 1008 puniuntur

1063 1020 1299 1061 temporaliter,
1321 1020 1453 1061 quidam
1478 1022 1584 1051 tamen
1609 1020 1746 1060 diutius,
1771 1021 1842 1062 qui·

1063 1074 1136 1105 dam
1160 1082 1237 1106 vero
1262 1073 1408 1113 breviuS,
1428 1073 1559 1114 quidam
1582 1074 1750 1113 acerbius,
1767 1075 1842 1115 qui-

1062 1127 1136 1158 dam
1158 1127 1280 1166 levius,
1298 1127 1475 1158 secundum
1498 1126 1584 1167 quod
1608 1129 1715 1159 reatus
1739 1127 1842 1168 exigit

1063 1181 1271 1212 offensarum.
1310 1180 1441 1212 Necesse
1475 1179 1563 1211 enim
1595 1181 1643 1211 est
1659 1203 1670 1220 ‚
1700 1183 1738 1212 ut
1767 1181 1843 1214 dicit

1063 1235 1220 1274 egregius
1231 1234 1341 1266 doctor
1354 1233 1558 1274 Augustinus
1571 1234 1599 1273 ¹,
1616 1234 1701 1274 quod
1715 1236 1841 1267 tantum

1064 1292 1135 1320 urat
1155 1289 1264 1328 dolor,
1286 1291 1444 1331 quantum
1467 1288 1602 1320 haeserat
1624 1297 1725 1321 amor.
1741 1289 1842 1322 Tanto

1064 1343 1152 1374 enim
1168 1343 1326 1374 difficilius
1348 1343 1419 1384 quis
1434 1344 1593 1383 purgatur
1604 1366 1614 1381 ,
1628 1346 1749 1383 quanto
1773 1352 1841 1375 me-

1064 1397 1158 1428 dullis
1179 1397 1283 1427 cordis
1299 1398 1370 1436 ejus
1391 1396 1535 1427 intimius
1556 1405 1648 1427 amor
1671 1396 1844 1428 inhaeserat

1065 1451 1314 1481 mundanorum.
1332 1450 1480 1490 Amplius
1490 1474 1497 1488 ,
1511 1450 1665 1491 quoniam
1680 1458 1773 1490 poena
1788 1449 1843 1481 illa

1065 1505 1156 1536 debet
1171 1514 1238 1535 esse
1254 1504 1459 1535 satisfactoria
1470 1528 1480 1543 ‚
1497 1506 1528 1534 et
1549 1503 1718 1534 satisfactio
1741 1505 1842 1544 respi-

1065 1559 1106 1590 cit
1132 1559 1310 1592 libertatem
1340 1557 1512 1588 voluntatis
1545 1559 1576 1588 et
1603 1558 1721 1588 statum
1749 1558 1811 1589 viae
1832 1583 1839 1597 ‚

1066 1612 1228 1653 potissime
1251 1621 1325 1642 cum
1346 1611 1390 1642 ibi
1411 1612 1476 1651 jam
1499 1620 1564 1642 non
1589 1611 1630 1642 sit
1653 1614 1752 1643 status
1775 1621 1844 1644 me-

1066 1666 1154 1697 renat
1168 1690 1177 1704 ‚
1195 1668 1225 1696 vt
1240 1673 1342 1706 poenae
1360 1665 1421 1695 illae
1447 1665 1579 1696 minime
1601 1666 1729 1696 teneant
1749 1666 1844 1697 ratio-

1066 1729 1139 1751 nein
1165 1719 1339 1750 voluntarii
1367 1727 1374 1749 :
1399 1727 1527 1749 necesse
1555 1720 1621 1756 est,
1648 1718 1735 1758 qnod
1763 1719 1843 1750 illud

1067 1774 1151 1814 quod
1167 1773 1275 1803 ‹lct'ccit
1291 1782 1329 1803 ex
1348 1774 1435 1812 parte
1459 1771 1614 1802 libertatis
1630 1771 1663 1802 in
1678 1771 1844 1804 voluntate

1067 1827 1254 1864 sustinente,
1268 1825 1456 1866 suppleatur
1469 1825 1501 1855 in
1515 1825 1685 1856 acerbitate
1699 1833 1739 1856 ex
1754 1827 1844 1865 parte

1067 1889 1182 1921 poenae.
1201 1879 1281 1917 Quia
1296 1888 1371 1910 vcro
1388 1879 1527 1918 gratiam
1543 1877 1663 1908 habent
1673 1901 1682 1916 ,
1699 1877 1755 1918 qui
1769 1887 1845 1918 pur-

1068 1937 1206 1974 gantur,
1224 1942 1322 1973 qnam
1350 1932 1479 1972 quidem
1509 1931 1592 1962 ultra
1622 1930 1753 1970 perdere
1780 1940 1845 1962 nou

1069 1990 1219 2028 possnnt;
1238 1987 1311 2017 hinc
1332 1987 1399 2023 ost,
1419 1984 1503 2024 qnod
1524 1992 1581 2015 nec
1603 1992 1622 2014 a
1644 1984 1769 2014 tristitia
1790 1993 1845 2024 pe-

1069 2042 1154 2071 nitus
1172 2039 1334 2070 absorberi
1353 2062 1362 2076 ,
1388 2046 1446 2068 nec.
1474 2037 1507 2067 in
1527 2036 1780 2076 desperationem
1796 2037 1844 2068 in-

1069 2094 1171 2125 cidurc
1189 2118 1196 2131 ‚
1224 2102 1281 2123 nec
1309 2093 1340 2122 in
1367 2090 1600 2131 blasphemiam
1617 2092 1764 2129 possunt,
1789 2098 1848 2121 nec

1071 2148 1183 2179 volant.
1209 2147 1411 2186 aliquatenus
1439 2143 1608 2184 prosilire5
1633 2152 1669 2174 ae
1690 2151 1746 2183 per
1769 2143 1846 2182 hoc,

1070 2203 1141 2233 lit-ct
1167 2201 1310 2241 gravinu-
1334 2198 1530 2240 puniantur‚
1547 2197 1643 2236 longe
1664 2199 1771 2227 tamen
1785 2196 1844 2227 ali-

1071 2260 1117 2287 tcr
1130 2259 1159 2286 ct
1173 2255 1301 2291 nntius,
1319 2261 1417 2293 quam
1439 2252 1470 2281 in
1497 2251 1620 2281 inferno
1639 2260 1646 2280 :
1674 2251 1705 2280 et
1730 2251 1848 2280 statum

1070 2310 1167 2341 etiam
1182 2309 1274 2339 illum
1290 2306 1508 2338 indubitanter
1525 2303 1630 2334 sciunt
1643 2302 1742 2333 alium
1758 2311 1825 2333 esse
1839 2327 1846 2340 ,

1071 2372 1168 2403 quani
1187 2362 1282 2392 istum
1300 2360 1331 2390 in
1346 2368 1411 2399 quo
1430 2359 1505 2388 sunt
1526 2356 1589 2393 illi,
1606 2355 1660 2395 qui
1677 2355 1709 2385 in
1726 2355 1848 2386 inferno

1073 2413 1346 2447 irremediabiliter
1368 2411 1564 2442 cruciantur.
1590 2408 1752 2439 Postremo
1773 2408 1849 2448 quia

1894 2421 1943 2446 Quo

1863 2452 1928 2472 modo
1941 2452 1969 2472 ab

239 2470 431 2501 suflicit-nter
458 2473 683 2512 expurgativa.
716 2474 857 2504 Primum
889 2475 1014 2513 igitur,

240 2522 391 2561 qnoniam
409 2534 501 2563 poma
513 2526 570 2556 ista
581 2526 673 2557 (lebet
686 2536 752 2557 csse
765 2528 845 2565 juste
858 2528 1014 2567 punitiva,

240 2579 271 2606 et
286 2576 417 2615 spiritus
433 2578 505 2617 qni,
528 2582 709 2620 contempto
735 2581 818 2611 bono
844 2582 964 2611 aetcruo
988 2583 1017 2611 ct

242 2639 369 2661 summo
383 2655 390 2669 ,
407 2640 438 2661 sc
454 2633 588 2672 subiecit
607 2634 735 2671 intimo,
748 2635 834 2674 juste
850 2634 941 2664 <lebet
964 2634 1015 2663 in-

243 2683 347 2714 seiiori
371 2685 503 2724 sulijici,
522 2689 555 2716 ut
574 2687 613 2717 ab
629 2687 674 2717 eis
698 2687 848 2727 suscipiat
871 2696 1015 2727 poenam,

1073 2479 1167 2511 pirna
1183 2468 1236 2499 illa
1253 2467 1344 2498 (lebet.
1365 2474 1435 2496 esse
1456 2461 1687 2502 expurgatoria
1698 2485 1707 2498 ,
1724 2463 1755 2492 et
1770 2470 1847 2501 pur·
1864 2483 1916 2509 igne
1925 2489 1970 2504 m·

1075 2524 1162 2563 gatio
1185 2522 1237 2552 illa
1259 2518 1431 2560 spiritualis
1445 2528 1451 2553 ;
1467 2523 1594 2547 necesse
1616 2516 1680 2551 est,
1696 2515 1746 2546 vel
1762 2515 1848 2555 quod
1864 2514 1969 2572 253ssss

1074 2562 1161 2617 ignis
1175 2575 1226 2606 ille
1240 2571 1438 2614 spiritualem
1459 2569 1575 2599 habeat
1593 2568 1746 2599 virtutem
1767 2568 1849 2599 divi·
1864 2577 1969 2603 riospiri-

1074 2632 1160 2662 nitus
1182 2629 1240 2660 sibi
1256 2629 1379 2664 datam,
1394 2624 1459 2662 vel,
1477 2625 1512 2654 ut
1536 2622 1639 2662 magis
1655 2622 1766 2660 credo,
1782 2622 1848 2662 ipsa
1865 2609 1957 2660 23:232]

1108 2695 1114 2711 ¹
1129 2696 1202 2723 Aug„
1218 2692 1247 2715 (ie
1263 2691 1338 2715 Cim‘e.
1354 2689 1411 2713 nei.
1429 2687 1472 2711 tib.
1490 2687 1555 2715 xxi,
1569 2694 1591 2709 ι·.
1609 2691 1678 2710 ΧΧῊ.
