2003 3037
100 1535 137 1556 Dei
145 1542 177 1555 sn-

82 1567 164 1593 pientia

80 1598 169 1618 diversi-

71 1630 135 1650 mode
142 1635 177 1655 np-

70 1661 173 1687 pellatur.

190 217 248 249 382

188 283 289 316 alium
312 284 415 316 Deum
436 283 595 326 aequalem
618 285 697 326 sibi,
719 289 771 318 vel
790 289 970 318 creaturam

189 337 348 369 infinitam
367 340 441 370 actu
459 349 466 369 :
485 339 574 380 quia,
589 339 673 371 sicut
693 339 770 371 dicit
787 339 968 378 Anselmus,

189 390 353 431 quodlibet
362 391 602 432 inconvenieus,
615 392 712 425 etiam
725 393 910 432 minimum,
923 395 971 424 est

191 444 388 485 impossibile
402 446 487 487 apud
503 445 616 478 Deum.

473 556 622 591 SECTIO
647 557 688 591 V.

405 637 443 665 De
461 638 652 673 appropriatis
672 637 753 665 Filio,

230 714 310 746 Filio
325 715 569 756 appropriatur¹
589 715 719 754 veritaS,
737 716 873 756 species,
891 716 972 748 ratio

189 769 407 809 exemplandi,
429 771 460 800 et
480 770 586 801 omnis
608 769 750 800 scientia.
769 769 844 801 Haec
863 772 971 801 autem

189 824 328 862 quatuor
339 822 490 854 dicuntur
502 823 701 863 appropriari
715 822 806 861 Filio,
815 832 882 854 non
895 823 972 864 quia

190 875 267 907 fiant
283 877 422 917 propria,
440 885 514 907 eum
531 877 633 908 tribus
647 877 792 917 personis
806 877 870 908 sint
884 886 970 908 com-

191 931 318 969 munia3
331 931 384 962 sed
399 931 475 971 quia
485 932 607 962 ducunt
621 931 653 961 in
665 931 881 970 cognitionem
898 931 971 962 Filii

189 993 350 1025 personae,
368 993 440 1024 quae
455 986 502 1015 est
516 994 536 1015 a
551 984 642 1016 Patre
656 987 692 1015 ut
706 983 851 1022 *Verbum
861 1008 871 1022 ,
887 986 971 1026 quod

189 1041 236 1070 est
255 1039 339 1069 Patri
355 1038 494 1078 aequale,
509 1041 540 1069 et
556 1039 625 1070 ideo
640 1048 767 1070 summe
785 1039 970 1079 pulchrum,

189 1092 222 1122 in
245 1101 309 1132 quo
333 1093 441 1123 omnia
467 1093 606 1133 praevisa
627 1096 659 1124 et
681 1093 834 1133 disposita
858 1103 970 1124 exem-

190 1146 331 1186 plantur,
354 1155 372 1176 a
393 1155 474 1185 quo,
497 1149 650 1186 tanquam
671 1147 774 1187 primo
793 1149 824 1177 et
843 1156 972 1178 summo

190 1200 382 1239 exemplari,
401 1200 471 1231 fluit
494 1210 589 1231 omne
613 1201 704 1231 scire.
722 1201 892 1240 Cognoscit
913 1210 973 1232 au-

190 1256 255 1284 tem
270 1255 280 1270 ²
307 1253 359 1284 Dei
381 1253 537 1293 sapientia
557 1254 687 1294 limpide
707 1255 815 1285 omnia
837 1255 920 1284 hona
942 1257 973 1285 et

192 1307 291 1344 mala,
308 1309 338 1338 et
357 1307 533 1347 praeterita,
555 1307 723 1347 praesentia
738 1310 768 1338 et
782 1308 890 1339 sutura
901 1333 908 1346 ‚
925 1318 974 1339 ae-

191 1362 289 1393 tualia
317 1364 347 1392 et
377 1361 556 1401 possibilia,
589 1362 925 1402 incomprehensibilia
955 1373 973 1393 a

193 1415 295 1452 nobis,
313 1417 344 1445 et
355 1415 495 1445 infinita:
512 1415 555 1445 ita
572 1417 679 1446 tamen
695 1416 780 1455 quod
795 1416 828 1447 in
841 1426 873 1446 so
884 1416 973 1448 nullo

193 1469 288 1499 modo
307 1469 551 1506 diversificatur,
575 1468 646 1499 licet
667 1469 794 1500 diversa
819 1470 974 1501 vocabula

194 1523 355 1554 sortiatur.
381 1521 461 1553 Nam
486 1522 519 1552 in
544 1527 702 1562 quantum
730 1523 795 1563 ipsa
818 1524 974 1564 sapientia

194 1576 246 1608 Dei
272 1578 319 1607 ost
344 1576 563 1615 cognoscitiva
586 1577 732 1607 omnium
757 1577 971 1616 possibilium,

193 1631 311 1661 dicitur
332 1629 479 1665 scientia,
503 1629 570 1660 sive
591 1630 750 1669 cogniti03
768 1631 973 1670 inquantum

194 1687 241 1715 est
256 1684 474 1723 cognoscitiva
494 1683 638 1714 omnium
655 1693 728 1723 quan
748 1684 830 1714 fiunt
849 1684 881 1714 in
900 1685 971 1714 nni-

195 1747 298 1776 verso,
315 1738 431 1768 (licitur
446 1737 543 1774 visio;
562 1737 593 1767 in
610 1740 767 1777 quantum
784 1739 830 1767 est
841 1746 974 1776 cognos-

193 1793 289 1824 citiva
305 1792 451 1822 omnium
471 1800 545 1831 quae
564 1791 643 1821 benc
668 1791 763 1827 fiunt,
785 1791 899 1821 dicitur
917 1801 972 1831 ap-

192 1847 356 1888 probatio;
375 1846 406 1876 in
425 1849 581 1885 qnantum
604 1847 651 1875 est
670 1845 885 1884 cognoscitiva
908 1854 974 1876 om-

193 1901 283 1932 nium
301 1908 374 1940 quae
393 1900 500 1930 futura
515 1902 604 1937 sunt,
623 1899 739 1929 dicitur
754 1899 971 1939 praescientia,

192 1955 259 1984 sive
278 1953 444 1994 praevisi03
468 1953 499 1982 in
521 1955 678 1992 quantum
694 1955 740 1982 est
755 1953 973 1991 cognoscitiva

193 2016 304 2037 eornm
322 2016 394 2046 quae
410 2007 449 2036 ab
465 2006 533 2046 ipso
556 2005 616 2036 Deo
637 2006 741 2035 fienda
755 2008 840 2043 sunt)
857 2006 973 2036 dicitur

193 2060 373 2099 dispositio;
405 2060 437 2089 in
467 2062 623 2099 quantum
653 2068 763 2088 vorum
792 2068 865 2098 qua}
891 2068 971 2098 pra}-

196 2114 323 2144 mianda
338 2115 423 2150 sunt,
436 2113 550 2143 dieitur
562 2112 814 2151 praulastinafim
832 2112 864 2141 in
875 2121 974 2151 quan-

195 2169 262 2197 tum
281 2176 393 2197 eorum
411 2175 483 2206 quae
498 2166 678 2196 damnanda
693 2167 781 2203 sunt,
797 2165 911 2195 dicitur
926 2174 974 2195 re-

195 2221 351 2260 probatio.
371 2220 503 2251 Possunt
525 2222 631 2250 nutem
651 2219 690 2249 ad
711 2219 772 2249 tria
787 2219 895 2250 reduci
914 2229 971 2250 vo-

195 2275 308 2305 cabula
323 2275 381 2304 ista
397 2276 530 2313 septem,
546 2273 665 2304 scilicet
680 2273 719 2303 ad
734 2273 877 2303 notitiam
893 2274 972 2304 sim—

196 2328 284 2367 plicis
297 2328 491 2366 cognitionis
502 2352 509 2365 ‚
526 2336 590 2367 qua
611 2326 774 2365 cognoscit
793 2326 876 2357 Deus
892 2328 973 2357 bona

197 2385 225 2412 et
240 2382 339 2417 mala,
357 2391 429 2421 111¹.ae
449 2383 539 2419 sunt,
561 2382 690 2411 fuorunt
704 2383 734 2410 ot
758 2381 865 2412 futura
880 2384 971 2418 sunt,

196 2438 225 2465 et
245 2444 317 2474 ‹111ae
340 2437 470 2474 possunt
484 2443 552 2465 csse
568 2437 597 2465 et
623 2443 786 2474 nunquam
807 2437 918 2472 erunt;
935 2436 973 2466 ad

197 2488 342 2519 notitiam
355 2488 497 2524 visionis,
514 2497 577 2527 qua
591 2487 754 2526 cognoscit
770 2487 851 2518 Deus
866 2488 975 2518 omnia

197 2541 279 2571 bona
299 2543 329 2572 et
351 2542 433 2571 mala
452 2550 525 2580 quae
547 2544 633 2578 sunt,
658 2541 804 2578 suerunt,
822 2544 852 2571 et
866 2541 975 2572 sutura

197 2597 288 2631 snnt;
317 2594 354 2625 ad
385 2595 528 2624 notitiam
555 2594 806 2633 approbationis,
833 2604 897 2634 qna
921 2604 971 2625 co-

232 2678 235 2687 ¹
253 2675 313 2698 iia-u
328 2681 394 2705 sup„
412 2673 514 2697 Brutus..
532 2681 556 2703 p.
578 2675 595 2701 1,
617 2682 638 2697 c⁴
661 2680 684 2697 xi
715 2687 745 2691 —
767 2675 774 2687 ·“
791 2674 863 2704 initi,
879 2682 901 2698 c.
921 2681 974 2699 viil.

199 2723 227 2728 —
242 2711 249 2724 ³
269 2710 340 2741 ibim,
356 2715 430 2734 c.V1.
448 2722 478 2727 —
493 2709 591 2739 ‘1121th
607 2715 681 2732 e.1x.

839 216 1147 256 CENTILOQUIUM.

1025 286 1151 326 gnoscit
1168 286 1251 319 Deus
1273 295 1346 327 quae
1367 288 1458 326 sunt,
1473 286 1628 327 ‚meruah
1649 287 1682 318 et
1693 287 1804 319 futura

1024 342 1100 371 sunt
1116 341 1241 372 tantum
1262 340 1357 372 bona.

1293 450 1445 485 SECTIO
1472 450 1532 485 VI.

1162 534 1200 560 De
1219 533 1408 568 appropriatis
1428 533 1550 568 Spiritui
1566 534 1669 561 sancto.

1066 610 1202 652 Spiritui
1228 614 1338 644 sancto
1374 612 1600 653 appropriatur
1620 612 1631 630 ³
1659 611 1802 651 bonito-«1,

1025 674 1114 704 usuS,
1131 665 1212 696 ratio
1226 665 1370 704 finiendi,
1392 668 1422 696 et
1438 666 1603 705 voluntas,
1618 665 1686 697 sive
1707 665 1808 697 bene-

1025 719 1175 751 volentia.
1193 719 1267 750 Haee
1284 722 1393 751 autem
1407 722 1546 761 quatuor
1561 721 1808 761 appropriantur

1027 772 1162 813 Spiritui
1177 776 1298 811 sancto,
1315 783 1382 805 non
1395 774 1471 814 quia
1484 770 1565 805 fiant
1577 774 1716 814 propria,
1733 783 1808 805 cum

1027 827 1130 858 tribus
1143 827 1287 867 personis
1299 827 1362 858 sint
1375 827 1578 865 communia·‚
1592 827 1647 858 sed
1659 827 1738 868 quia
1751 827 1808 859 du-

1026 883 1101 911 cunt
1112 880 1144 911 in
1157 880 1376 920 cognitionem
1387 889 1533 921 personae
1544 879 1683 921 Spiritus
1693 880 1805 920 sancti,

1027 943 1101 974 qnae
1118 935 1166 964 est
1183 943 1198 964 a
1215 932 1306 964 Patre
1321 935 1352 965 et
1371 933 1468 971 Filio,
1483 936 1521 965 ut
1535 943 1626 965 amor
1639 935 1672 965 et
1689 934 1810 966 donum

1027 997 1154 1019 summe
1194 988 1375 1028 proficuum
1414 990 1445 1018 et
1483 988 1808 1026 communicativum,

1027 1041 1131 1073 omnis
1158 1042 1257 1072 nostri
1285 1041 1432 1072 desiderii
1456 1041 1636 1080 finitivum,
1659 1041 1698 1073 ad
1725 1041 1810 1082 quod

1028 1095 1163 1132 honuni,
1180 1097 1335 1135 tanquam
1354 1095 1392 1126 ad
1408 1095 1506 1126 finem
1519 1103 1695 1132 summum,
1710 1094 1810 1126 tendit

1027 1158 1122 1179 omne
1138 1147 1219 1179 velle
1235 1147 1466 1179 rationabiliter
1477 1147 1661 1179 ordinatum
1676 1150 1708 1178 et
1722 1147 1809 1178 incli-

1028 1204 1151 1233 natum.
1175 1201 1227 1232 Est
1245 1203 1354 1232 autem
1367 1202 1378 1218 ⁴
1398 1201 1547 1233 voluntas
1568 1201 1622 1232 Dei
1641 1201 1686 1232 sic
1705 1203 1807 1240 recta,

1027 1256 1112 1296 quod
1122 1256 1211 1287 nullo
1222 1256 1317 1287 modo
1328 1257 1429 1296 potest
1441 1254 1598 1295 obliquari
1609 1266 1616 1292 3
1630 1254 1674 1285 sic
1683 1255 1808 1295 efficax,

1028 1309 1113 1349 quod
1130 1309 1218 1340 nullo
1235 1309 1328 1340 modo
1343 1310 1444 1349 potest
1460 1308 1612 1339 retardari
1619 1319 1627 1346 ;
1645 1308 1690 1338 sie
1703 1308 1809 1348 unica,

1028 1363 1114 1404 quod
1138 1366 1245 1394 tamen
1269 1362 1412 1403 quinque
1437 1361 1540 1401 signis
1562 1361 1659 1392 habet
1685 1361 1808 1402 signifi·

1029 1417 1109 1455 cari,
1127 1426 1199 1457 quae
1215 1417 1274 1447 hoe
1292 1416 1449 1447 versiculo
1463 1416 1687 1447 continentur:

1824 1243 1858 1262 tu
1868 1240 1918 1263 nei.

1063 1498 1181 1528 imperat,
1196 1499 1221 1521 et
1235 1497 1363 1528 prohibet,
1377 1496 1509 1528 permittit,
1522 1496 1639 1525 consulit,
1650 1495 1747 1528 implet.

1073 1579 1193 1609 Divitur
1208 1580 1315 1609 autem
1331 1577 1480 1608 voluntas
1495 1577 1560 1615 Dei,
1576 1577 1698 1608 ratione
1715 1585 1810 1617 regu-

1030 1632 1109 1670 lata,
1126 1631 1348 1671 providentia,
1371 1640 1436 1670 qua
1451 1631 1579 1668 omnia,
1596 1640 1669 1670 quae
1686 1630 1719 1661 in
1736 1631 1810 1662 uni·

1031 1694 1123 1716 verso
1136 1687 1228 1722 liunt,
1243 1684 1562 1724 irreprehensibiliter
1574 1684 1809 1724 gubernantur:

1031 1749 1102 1770 cnm
1120 1739 1200 1769 nihil
1222 1739 1400 1778 praecipiat,
1427 1738 1592 1778 prohibeat
1608 1741 1639 1769 et
1654 1738 1809 1770 consulat,

1030 1793 1088 1823 nisi
1108 1795 1210 1829 metir,
1228 1792 1306 1822 nihil
1322 1795 1416 1831 agat,
1437 1792 1498 1822 uisi
1521 1791 1616 1829 bene;
1637 1791 1717 1822 nihil
1739 1800 1811 1832 per-

1031 1847 1133 1877 mittat
1148 1847 1235 1884 lieri,
1253 1846 1311 1876 nisi
1324 1847 1421 1885 juste.
1443 1846 1521 1876 Cum
1539 1847 1646 1876 autem
1663 1844 1811 1876 volunta<

1030 1899 1082 1931 Dei
1100 1900 1140 1931 sit
1154 1900 1331 1930 rectissima
1342 1924 1349 1937 ,
1367 1899 1474 1930 nullus
1491 1902 1591 1939 potest
1612 1908 1678 1929 esse
1696 1902 1808 1932 reclus,

1030 1953 1090 1984 nisi
1107 1954 1325 1984 conformetur
1340 1953 1384 1989 ci:
1403 1956 1431 1982 vt
1449 1962 1543 1983 nonio
1565 1954 1665 1992 potest
1685 1952 1713 1983 ei
1735 1962 1808 1983 coi.-

1030 2007 1173 2042 formari,
1189 2007 1249 2036 nisi
1264 2007 1323 2036 sibi
1334 2006 1439 2044 signis
1452 2006 1614 2045 aliquibus
1624 2006 1808 2042 innotescat,

1030 2063 1182 2099 tanquam
1210 2060 1322 2098 regula
1347 2059 1545 2089 rectitudinis
1570 2058 1809 2098 prosequendae.

1030 2113 1084 2144 Est
1099 2115 1206 2143 autem
1222 2112 1341 2152 duplex
1357 2112 1511 2143 rectitudo
1525 2122 1531 2142 τ
1544 2112 1693 2151 quaedam
1708 2120 1812 2142 neces-

1030 2166 1147 2203 sitatis,
1164 2174 1237 2205 qum
1251 2165 1394 2195 consistit
1412 2165 1444 2195 in
1460 2164 1603 2195 faciendo
1622 2165 1755 2202 bonum,

1029 2219 1113 2259 quod
1122 2221 1169 2249 est
1179 2221 1385 2258 praeceptum,
1396 2221 1425 2249 et
1437 2219 1470 2248 in
1481 2218 1667 2249 declinando
1677 2218 1809 2256 malum,

1030 2274 1159 2312 propter
1186 2272 1270 2312 quod
1298 2274 1345 2302 est
1376 2271 1564 2311 prol1ibiti0;
1594 2271 1741 2311 quaedam
1764 2273 1812 2301 est

1031 2326 1232 2365 perfectionis
1242 2327 1275 2356 in
1288 2326 1550 2366 supererogando
1561 2326 1645 2356 ultra
1656 2325 1809 2362 debitum,

1031 2380 1070 2411 ad
1091 2380 1175 2419 quod
1199 2382 1245 2411 est
1268 2379 1447 2410 consilium.
1471 2379 1525 2410 Est
1547 2379 1645 2409 etiam
1664 2378 1811 2409 voluntas

1031 2434 1087 2465 Dei
1102 2434 1329 2471 efficacissima,
1347 2434 1389 2464 ita
1404 2433 1489 2473 quod
1504 2432 1611 2463 nullus
1632 2433 1735 2471 potest
1749 2431 1810 2462 ali-

1031 2490 1107 2529 quid
1125 2490 1247 2520 efficere
1265 2489 1326 2519 nisi
1348 2489 1416 2529 ipsa
1434 2488 1643 2524 coefficiente,
1659 2489 1689 2518 et
1706 2487 1750 2517 sic
1764 2490 1811 2518 est

1032 2542 1175 2582 impletio
1194 2542 1228 2572 in
1250 2542 1381 2581 signum
1403 2541 1585 2572 voluntatis.
1605 2540 1682 2570 Item
1702 2539 1810 2571 nullus

1034 2598 1135 2635 potest
1151 2596 1295 2633 deficere,
1314 2595 1363 2626 vel
1377 2604 1517 2635 peceare,
1533 2594 1594 2625 nisi
1608 2594 1676 2634 ipsa
1681 2595 1768 2634 Juste
1780 2597 1811 2624 et

1034 2650 1149 2679 merito
1163 2649 1336 2686 deserente,
1353 2652 1383 2678 et
1404 2649 1447 2678 sic
1461 2651 1508 2679 est
1523 2647 1702 2688 permissio,
1720 2651 1756 2678 ut
1768 2647 1808 2677 si-

1036 2712 1139 2740 gnum
1156 2702 1328 2732 voluntatis
1342 2702 1458 2732 ‹livinae
1469 2701 1607 2741 justitiae
1623 2700 1806 2732 deserentis.

1828 2185 1885 2210 plex.

1850 1209 1932 1231 Volun-

1860 2121 1932 2142 Raeti-

1772 2164 1812 2195 ad
1827 2153 1879 2174 tudo
1893 2153 1933 2173 du-
