2003 3037
57 2306 135 2333 Angelt

52 2338 100 2357 b⁰¹*³
116 2344 135 2357 ¹¹¹
160 2351 234 2372 rum
248 2342 421 2373 tenendum
438 2344 498 2381 est,
518 2343 603 2382 quod
618 2343 699 2373 sicut
714 2344 822 2383 angeli
840 2353 857 2374 a
875 2344 936 2375 Deo

46 2370 91 2396 ipsa
101 2376 138 2390 *ila

40 2402 65 2421 ad
79 2402 144 2421 neum

749 229 798 262 DE
820 229 1034 262 CREATURA
1056 227 1195 261 MUNDI.

164 304 318 336 descensu
337 305 446 336 rueret
469 302 537 344 pari
557 302 696 339 ratione,
721 300 752 330 et
773 306 885 330 omnes
906 298 940 329 in

58 370 136 397 angen
164 357 226 389 hoc
246 357 489 390 consentientes.
506 355 544 388 Et
560 354 636 396 quia
656 362 722 386 non
743 354 790 384 est
805 351 940 384 dedecus

58 401 141 429 lapsum

45 439 92 460 quae
110 434 152 454 sint

45 471 152 486 ⁰⁰⁰³2011·
166 464 277 496 cecidit
290 465 323 496 in
340 466 515 506 peccatum,
538 471 613 494 cum
635 461 758 493 caeteris
773 459 941 491 adhaerew

165 411 285 452 peccati
298 411 366 443 sine
380 411 490 443 decore
498 408 644 450 Justitiae,
660 407 731 439 ideo
746 405 851 437 statim
866 414 940 437 cum

166 519 250 550 tibus
264 518 340 557 sibi,
357 518 492 560 perdidit
510 517 617 548 locum
632 524 809 553 summum,
826 513 943 545 scilicet

166 572 282 604 coelum
304 581 509 613 empyreum,
535 569 727 602 descendens
750 568 788 600 ad
818 568 939 605 imum,

165 626 282 657 scilicet
303 625 517 665 caliginosum
539 633 661 662 aerem,
686 623 737 655 vel
757 622 939 653 infernum:

164 679 209 712 ita
223 679 308 720 quod
321 679 430 719 lapsus
452 679 485 709 in
506 677 633 718 culpam
649 676 708 708 fuit
730 685 786 716 per
804 676 941 707 liberum

164 732 343 772 arbitrium,
361 733 468 772 lapsus
486 740 563 764 vero
580 732 611 761 in
632 739 758 771 poenam
779 739 835 770 per
858 729 941 760 divi-

164 795 243 817 num
254 786 423 826 judicium.
441 786 478 816 Et
493 785 568 826 quia
582 784 873 815 immutabilitatem
888 783 942 814 ha-

164 839 234 871 buit
255 841 324 880 post
339 839 537 875 electionem,
558 838 626 869 ideo
642 837 748 868 statim
765 837 941 869 obstinatus

163 896 209 925 est
231 894 264 925 in
285 894 383 933 malo,
406 896 437 924 et
460 903 516 934 per
535 893 596 924 hoc
610 894 792 930 ssexcaecatus
811 902 829 922 a
850 902 938 931 vero,

163 947 367 979 deordinatus
384 950 430 978 est
448 947 483 978 in
497 947 695 987 operatione,
715 948 745 977 et
760 946 941 977 infirmatus

163 1001 196 1032 in
211 1001 332 1032 virtute
345 1012 351 1031 :
369 1001 438 1031 Ideo
451 1001 599 1031 voluntas
610 1001 679 1040 ejus
693 999 802 1039 impia,
816 1001 847 1030 et
859 1000 940 1030 actio

162 1061 274 1084 aversa
284 1061 302 1083 a
315 1051 387 1090 Deo,
400 1061 553 1083 conversa
566 1051 663 1082 estad
673 1051 814 1081 hominis
828 1051 938 1082 odium

162 1107 192 1136 et
207 1105 362 1137 invidiam
371 1117 378 1144 ;
397 1107 427 1136 et
447 1105 668 1146 perspicacitas
683 1105 814 1135 rationis
829 1114 847 1135 a
862 1114 939 1136 vero

160 1158 282 1190 lumine
297 1161 472 1197 excaecata,
489 1168 642 1189 conversa
658 1161 706 1189 est
724 1158 763 1189 ad
779 1158 938 1198 deceptio-

159 1222 216 1244 nes
235 1222 292 1253 per
311 1213 523 1245 divinationes
542 1214 572 1243 et
587 1212 742 1250 cautelas,
767 1214 798 1242 et
817 1212 936 1243 officio-

159 1267 235 1297 sitas
249 1267 282 1297 in
295 1266 504 1298 ministrando
515 1276 534 1296 a
544 1275 620 1297 vero
633 1266 808 1297 ministerio
820 1269 936 1305 amota,

160 1329 314 1352 conversa
338 1320 442 1351 estad
466 1322 674 1358 tentamenta,
702 1321 733 1350 et
755 1319 939 1351 virtuositas

161 1374 333 1405 immutata
340 1376 370 1404 et
380 1375 546 1411 coarctata,
560 1375 717 1413 quantum
728 1374 936 1413 permittitur,

161 1428 357 1459 convertitur
373 1427 412 1458 ad
428 1427 583 1458 miracula
602 1427 746 1457 facienda
762 1436 818 1467 per
833 1430 935 1458 trans-

160 1482 351 1512 mutationes
372 1481 571 1521 repentinas,
592 1489 672 1520 quas
686 1480 759 1510 facit
775 1481 856 1511 circa
870 1491 936 1512 cor-

159 1543 272 1575 poreas
294 1537 467 1566 creaturas
493 1534 531 1566 Et
556 1534 630 1574 quia
655 1535 724 1566 haec
747 1535 856 1566 omnia
874 1536 939 1567 fue-

159 1591 233 1620 runt
251 1589 434 1620 deordinata
446 1598 502 1629 per
519 1588 717 1619 voluntatem
732 1589 937 1628 depravatam

159 1652 215 1683 per
235 1643 438 1682 superbiam2
464 1643 533 1673 ideo
557 1643 626 1673 liaec
651 1642 759 1673 omnia
780 1644 939 1674 convertit

159 1697 199 1727 ad
222 1697 399 1727 fomentum
429 1703 496 1727 suae
523 1697 697 1736 superbiae,
724 1706 872 1736 quaerens
898 1698 938 1728 ab

158 1749 344 1780 hominibus
364 1749 439 1788 coli,
462 1752 493 1780 et
512 1749 680 1788 honorari,
702 1752 733 1780 et
753 1750 879 1781 adorari
899 1751 938 1782 ad

160 1803 291 1834 modum
320 1802 384 1833 Dei.
417 1803 497 1834 Hinc
521 1805 586 1842 est,
617 1804 701 1844 quod
725 1804 835 1835 omnia
856 1805 938 1836 male

159 1857 248 1896 agit:
268 1857 360 1897 zquod
383 1859 491 1887 tamen
510 1857 598 1896 justo
618 1857 739 1897 judicio
764 1858 845 1888 Deus
870 1868 938 1899 per-

160 1910 257 1940 mittit
277 1910 315 1941 ad
337 1910 510 1941 vindictam
530 1910 785 1948 malefactorum,
810 1911 937 1943 laudem

159 1972 235 1995 vero
258 1964 432 2001 bonorum,
463 1964 544 1994 sicut
569 1964 733 2004 apparebit
761 1974 818 2005 per
842 1966 937 1997 finale

154 2018 325 2058 Judicium.

411 2116 553 2149 CAPUT
592 2116 679 2150 VIII.

250 2205 287 2231 De
304 2205 506 2238 confirmatione
525 2204 649 2231 bonorum
668 2205 844 2238 Angelorum.

199 2288 242 2319 De
267 2288 507 2319 confirmatione
531 2297 607 2319 vero
630 2289 788 2320 bonorum
809 2291 936 2329 angelo-

159 2395 274 2434 aversi,
291 2395 397 2426 statim
413 2399 486 2426 sunt
501 2396 649 2426 obstinati
665 2406 720 2436 per
735 2397 937 2437 impoeniten-

81 2439 136 2482 ‹lJJ'
161 2449 236 2480 tiam
243 2458 252 2488 3
276 2450 319 2480 sic
341 2449 450 2489 angeli
471 2449 510 2480 ad
532 2450 632 2480 Deum
648 2451 808 2488 conversi,
830 2452 935 2482 statim

104 2501 137 2544 ¹¹¹0
161 2504 292 2534 fuerunt
314 2505 492 2534 confirmati
515 2514 572 2544 per
593 2505 728 2544 gratiam
750 2506 780 2535 et
801 2504 935 2543 gloriam

72 2557 133 2607 0¹³2*
161 2557 194 2587 in
211 2558 386 2596 voluntate;
411 2558 545 2597 persecte
568 2558 737 2588 illuminati
763 2558 794 2588 in
815 2559 937 2589 ratione

161 2611 337 2641 secundum
359 2612 573 2651 cognitionem
598 2613 790 2644 matutinam
811 2616 841 2643 et
865 2623 937 2644 ves-

135 2703 147 2708 ·
162 2664 336 2705 pertinam;
354 2666 488 2704 perfecte
502 2666 662 2697 fortificati
680 2668 712 2697 in
727 2667 856 2703 virtute,
870 2668 936 2698 sive

162 2719 296 2756 motiva,
314 2718 382 2749 sive
395 2720 571 2759 operativa3
594 2721 728 2760 perfecte
751 2721 887 2752 ordinati
903 2722 936 2752 in

1717 225 1776 256 265

996 296 1197 338 operatione,
1214 296 1281 327 sive
1295 294 1555 335 contemplativa,
1572 293 1640 326 sive
1662 291 1775 324 minis-

998 351 1129 389 trativa,
1147 352 1179 382 et
1197 350 1258 381 hoc
1278 348 1455 380 secundum
1472 347 1631 388 triplicem
1647 346 1776 378 hierar-

998 405 1119 444 chiam,
1139 404 1255 436 scilicet
1270 412 1469 443 supremam,
1488 401 1642 439 mediam,
1658 403 1690 432 et
1707 400 1777 431 infi-

999 468 1098 490 mam.
1111 458 1158 490 Ad
1169 466 1353 499 supremam
1365 458 1472 487 autem
1488 457 1630 496 spectant
1641 453 1774 492 Throni,

999 513 1183 552 Cherubim,
1201 514 1231 543 et
1246 511 1428 552 Serapliim3
1447 511 1485 541 ad
1500 509 1639 541 mediam
1655 509 1775 546 autem,

999 566 1248 605 DominatIOnes,
1261 565 1412 603 Virtutes,
1436 563 1624 601 Potestates3
1642 562 1682 593 ad
1702 561 1778 592 infi-

999 631 1086 652 mam
1098 630 1184 658 vero,
1203 619 1414 660 PrincipatUS,
1428 617 1635 657 Archangeli,
1648 615 1776 655 Angeli.

998 675 1046 706 Ex
1057 675 1175 716 quibus
1186 673 1315 715 plurimi
1327 674 1402 704 sunt
1410 672 1441 703 ln
1451 670 1664 702 ministerium
1674 668 1774 707 missi,
1793 703 1796 706 Δ
1820 671 1898 706 Aegeu

998 732 1029 760 et
1045 729 1085 760 ad
1101 727 1277 760 custodiam
1295 727 1466 758 hominum
1484 724 1641 766 deputati,
1659 723 1776 764 quibus
1793 709 1899 754 ¹¹:31¹:ss-

998 783 1181 814 ministrant
1208 780 1392 822 purgando,
1421 779 1648 816 illuminando,
1678 777 1774 818 perti·
1790 765 1901 817 inoffi-{gua

997 837 1120 875 ciendo,
1137 835 1314 867 secundum
1330 833 1503 874 imperium
1519 831 1694 863 voluntatis
1710 831 1775 862 Dei.
1792 829 1900 880 ’ἐξοπᾚῄζ

1038 891 1128 922 Ratio
1151 892 1259 921 autem
1283 889 1321 920 ad
1340 887 1585 927 intelligentiam
1610 886 1776 927 praedicto·
1815 894 1878 913 trent.

997 955 1070 976 rum
1085 945 1156 976 haec
1170 946 1232 983 est,
1248 943 1325 984 quia
1341 951 1415 973 cum
1430 941 1536 981 angeli
1546 965 1554 980 ,
1574 942 1704 981 propter
1719 949 1777 971 ex-

997 1009 1140 1040 pressam
1151 997 1392 1029 similitudinem
1407 998 1437 1027 et
1453 995 1723 1036 propinquitatem
1738 994 1778 1025 ad

996 1054 1138 1094 primum
1159 1054 1191 1083 et
1212 1060 1378 1082 summum
1402 1049 1614 1090 principium,
1637 1049 1778 1080 habeant

996 1107 1192 1138 intellectum
1207 1105 1405 1142 deiformem,
1423 1106 1453 1135 et
1470 1102 1775 1140 immutabilitatem,

998 1161 1272 1200 post'consensum
1293 1168 1333 1189 ex
1349 1158 1495 1189 libertate
1515 1155 1655 1194 arbitrii,
1669 1155 1778 1186 divina

996 1215 1242 1255 superveniente
1265 1212 1386 1253 gratia,
1409 1211 1448 1242 ad
1469 1218 1635 1241 summum
1655 1209 1775 1240 bonum

996 1268 1160 1304 conversi,
1176 1276 1249 1298 cum
1265 1266 1403 1297 totaliter
1418 1265 1451 1295 in
1474 1264 1575 1295 Deum
1594 1263 1774 1301 tenderent,

995 1332 1051 1363 per
1073 1321 1211 1361 gloriam
1236 1320 1366 1351 fuerunt
1387 1318 1582 1356 confirmati,
1606 1317 1726 1358 pariter
1746 1319 1778 1348 et

995 1375 1142 1416 perfecti:
1160 1375 1230 1405 ideo
1245 1375 1402 1414 quantum
1420 1373 1459 1403 ad
1478 1372 1692 1408 voluntatem,
1710 1371 1776 1402 fue-

995 1431 1071 1460 runt
1089 1427 1217 1459 stabiles
1242 1429 1273 1458 et
1291 1426 1416 1464 felices,
1445 1427 1603 1466 quantum
1620 1425 1658 1455 ad
1681 1424 1775 1455 ratio-

995 1493 1081 1522 nem,
1095 1483 1300 1523 perspicaces,
1316 1482 1358 1511 ita
1372 1482 1408 1511 ut
1425 1489 1490 1510 non
1502 1481 1626 1510 tantum
1642 1487 1776 1518 cognos-

995 1540 1101 1569 cerent
1123 1546 1174 1567 res
1197 1537 1228 1567 in
1246 1535 1375 1576 proprio
1399 1543 1532 1573 genere,
1558 1533 1611 1563 sed
1632 1533 1728 1563 eliam
1743 1532 1776 1562 in

995 1592 1064 1632 ipsa
1091 1593 1158 1622 arte
1183 1592 1318 1626 aeterna3
1345 1598 1380 1619 ac
1404 1597 1460 1628 per
1477 1587 1543 1617 -hoc
1562 1595 1626 1616 non
1651 1588 1775 1616 tantum

995 1645 1149 1675 haberent
1155 1643 1372 1683 cognitionem
1381 1641 1606 1681 vespertinam,
1616 1639 1669 1669 sed
1681 1639 1777 1669 etiam

998 1698 1208 1735 matutinam,
1225 1697 1277 1728 vel
1298 1695 1394 1726 eliam
1417 1694 1582 1731 diurnam,
1603 1694 1729 1732 propter
1743 1693 1777 1723 il-

996 1753 1059 1784 lius
1074 1753 1156 1783 lueis
1176 1750 1421 1792 plenitudinem,
1437 1751 1468 1779 et
1481 1746 1701 1778 omnimodam
1716 1755 1776 1786 pu-

998 1807 1143 1844 ritatem,
1159 1807 1306 1845 respectu
1322 1804 1373 1842 cuj
1381 1812 1416 1833 us
1429 1801 1534 1833 omnis
1548 1803 1694 1831 creatura
1710 1809 1776 1831 me-

995 1861 1058 1891 rito
1074 1861 1177 1900 potest
1193 1859 1254 1889 dici
1274 1857 1416 1888 tenebra.
1434 1855 1594 1893 Quantum
1613 1856 1721 1884 autem
1738 1854 1778 1884 ad

995 1914 1228 1945 virtuositatem
1244 1912 1380 1952 perfecte
1399 1909 1570 1945 fortificati,
1587 1908 1653 1939 sive
1668 1907 1701 1937 in
1716 1907 1776 1937 irn-

996 1968 1148 2008 perando,
1161 1967 1228 1997 sive
1243 1966 1277 1996 in
1292 1963 1492 2005 exequendo,
1509 1962 1576 1993 sive
1592 1962 1626 1992 in
1639 1962 1777 1992 contem-

995 2021 1128 2061 plando,
1159 2020 1210 2051 vel
1233 2020 1398 2058 assumpto
1424 2025 1570 2056 corpore,
1602 2014 1653 2046 vel
1679 2015 1775 2045 etiam

995 2084 1059 2106 non
1081 2076 1256 2114 assumpto.
1277 2072 1440 2110 Quantum
1459 2079 1539 2101 vero
1562 2069 1601 2100 ad
1623 2068 1776 2109 operatio-

995 2137 1070 2159 nem
1085 2127 1311 2168 perfectissime
1326 2125 1478 2162 ordinati,
1494 2126 1529 2154 ut
1541 2125 1608 2163 Jam
1623 2131 1689 2153 non
1704 2131 1774 2162 pos-

995 2183 1058 2212 sint
1073 2181 1269 2218 deordinari,
1291 2189 1349 2210 nec
1363 2178 1563 2210 ascendendo
1578 2177 1617 2207 ad
1632 2178 1774 2206 contem-

994 2235 1167 2275 plationem
1192 2235 1261 2271 Dei,
1287 2242 1345 2264 nec
1368 2231 1585 2263 descendendo
1605 2230 1644 2260 ad
1667 2228 1775 2259 minis-

994 2289 1145 2319 trandum
1164 2287 1307 2318 homini:
1330 2286 1406 2326 quia
1423 2294 1495 2315 cum
1516 2284 1617 2314 Deum
1633 2283 1713 2313 facie
1735 2282 1775 2312 ad

995 2342 1106 2372 faciem
1131 2340 1396 2380 contemplentur,
1419 2346 1624 2378 quocumque
1639 2337 1772 2367 mittan-

995 2399 1057 2434 tur,
1074 2396 1158 2426 intra
1181 2395 1281 2425 Deum
1302 2396 1446 2424 currunt.
1466 2393 1623 2431 Aguntur
1641 2391 1727 2422 enim
1743 2393 1772 2422 et
1802 2394 1880 2419 Augefl

1783 2427 1885 2451 ,aguntur

994 2453 1097 2491 agunt
1116 2450 1292 2481 secundnm
1316 2448 1460 2479 ordinem
1483 2446 1718 2477 hierarchicum
1738 2445 1771 2475 in
1789 2458 1808 2475 vn
1830 2459 1896 2482 agunt

994 2506 1038 2535 eis
1053 2504 1215 2534 initiatum
1228 2512 1284 2543 per
1297 2504 1457 2539 naturam,
1470 2503 1501 2531 et
1511 2501 1769 2531 consummatum
1787 2493 1891 2538 ὐζζῗυζζ,

994 2571 1050 2601 per
1071 2561 1223 2601 gloriam,
1247 2568 1319 2599 quae
1335 2557 1522 2588 stabiliendo
1541 2556 1631 2587 liberi
1647 2554 1770 2585 arbitrii
1797 2549 1877 2600 ,ᾔᾨζῇζ

994 2615 1250 2651 vertibilitatem,
1278 2611 1448 2643 illustravit
1477 2609 1766 2651 perspicacitatem,
1791 2613 1881 2632 chinum-

995 2668 1154 2699 ordinavit
1174 2666 1420 2703 officiositatem,
1438 2667 1469 2695 et
1489 2663 1651 2694 roboravit
1664 2661 1766 2693 virtu-

995 2724 1074 2759 tem,
1093 2721 1269 2752 secundum
1291 2721 1429 2759 quatuor
1450 2718 1601 2748 attributa
1623 2714 1769 2754 superius
