2003 3037
108 2570 181 2589 Actus.

188 237 248 270 410

415 351 599 386 SECTIO
634 351 738 387 XLI.

473 439 512 466 De
530 438 691 467 Prudentia.

230 520 382 561 Sequitur
404 520 515 553 videre
538 520 577 552 de
600 521 775 552 virtutibus
798 520 966 552 cardinali-

189 575 261 613 huS,
276 575 308 605 et
321 574 427 614 primo
441 574 479 606 de
493 575 678 615 prudentia,
695 575 780 606 circa
793 584 892 615 quam
907 574 969 605 tria

189 630 264 659 sunt
277 627 418 660 breviter
432 628 581 668 videnda,
594 628 712 660 scilicet
726 627 886 665 diffinitio,
901 637 969 668 spe-

189 682 311 714 cierum
329 681 488 720 collectio,
511 684 543 714 et
563 685 693 714 actuum
711 682 858 714 variatio.
883 681 968 713 Pru-

188 735 297 767 dentia
311 734 478 774 diffinitur,
493 735 562 768 sive
577 735 768 766 describitur
781 735 822 765 ab
836 734 968 774 Augus-

189 789 257 821 tino
271 789 299 820 ¹:
319 800 334 819 (ι
350 788 522 820 Prudentia
538 791 586 820 est
599 798 701 827 amor,
722 798 760 820 ea
779 788 897 829 quibus
911 788 966 819 ad-

185 844 322 883 juvatur
335 843 370 874 in
387 843 506 882 Deum,
521 843 561 875 ab
583 843 633 874 his
651 843 770 883 quibus
784 842 967 882 impeditur,

189 897 348 937 sagaciter
362 896 556 928 discernens.
570 897 597 928 A
613 896 768 936 Gregorio
783 895 846 927 sic:
862 907 877 924 «
892 895 970 927 Pru-

189 950 296 981 dentia
318 952 366 981 est
387 950 530 990 cognitio
554 951 759 983 vitandarum
786 958 912 988 rernm,
938 951 970 980 et

189 1006 452 1047 appetendarum.
476 1017 490 1035 n
517 1007 544 1037 A
571 1005 700 1038 Tullio²
724 1006 757 1036 in
788 1005 969 1038 Rhetoricis

190 1059 251 1091 sic:
268 1071 282 1090 a
297 1059 470 1091 Prudentia
485 1062 532 1091 est
546 1052 656 1092 rerum
671 1060 841 1097 bonarum,
859 1061 890 1090 et
906 1068 970 1089 ma-

188 1112 312 1151 larum,
329 1114 360 1143 et
373 1114 585 1154 utrarumque
599 1113 741 1145 scientia.
758 1124 772 1141 n
791 1113 841 1143 Ab
857 1113 968 1144 eodem

190 1166 229 1199 de
251 1166 380 1206 Officiis
395 1168 424 1197 ³:
442 1178 456 1196 ct
477 1166 650 1198 Prudentia
668 1169 716 1198 est
735 1166 877 1206 cognitio
896 1166 968 1196 imi-

190 1220 360 1251 tandarum
370 1244 380 1259 ,
423 1220 718 1260 fugiendarumque
750 1220 882 1250 scientia
915 1229 970 1251 re-

191 1282 274 1304 rum.
291 1285 306 1302 »
324 1274 373 1305 Ab
388 1274 499 1305 eodem
515 1274 547 1304 in
564 1274 646 1304 libro
661 1273 698 1305 cle
717 1274 836 1314 Requie
853 1275 970 1306 mentis

191 1327 253 1358 sic:
269 1339 283 1356 (ι
299 1327 471 1359 Prudentia
485 1330 533 1358 est
547 1336 657 1358 rerum
672 1328 844 1365 bonarum,
859 1330 891 1358 et
906 1337 971 1357 :na-

190 1381 312 1419 larum,
341 1391 416 1412 cum
438 1381 610 1412 alterarum
635 1381 818 1418 dilectione,
840 1384 871 1412 et
893 1381 970 1412 reli-

191 1444 331 1475 quarum
346 1435 551 1467 detestatione
566 1436 707 1466 scientia.
720 1446 734 1463 »

232 1488 340 1520 Partes
360 1489 427 1520 sive
449 1489 568 1529 species
593 1489 770 1529 prudentiae
794 1489 971 1520 secundum

192 1541 332 1573 Tullium
350 1542 359 1558 ”
383 1542 416 1573 in
445 1542 622 1574 Rhetoricis
647 1545 723 1573 sunt
747 1545 825 1580 tres,
853 1542 971 1573 scilicet

192 1596 360 1627 memoria.
381 1595 611 1636 Intelligentia,
630 1598 662 1626 et
676 1595 886 1636 providentia.
903 1595 970 1626 Me-

192 1650 295 1681 moria
309 1652 371 1688 est,
388 1659 444 1690 per
459 1659 557 1690 quam
570 1650 698 1680 animus
715 1649 827 1689 aspicit
843 1658 879 1679 ca
897 1658 970 1689 quae

192 1704 321 1734 fuerunt
334 1703 547 1743 intelligentia
565 1706 622 1741 est,
640 1712 696 1743 per
711 1711 808 1742 quam
822 1702 971 1742 perspicit

193 1766 245 1795 ea,
272 1766 345 1797 quae
365 1760 450 1788 sunt.
479 1757 681 1788 Providentia
704 1759 765 1794 est,
793 1765 849 1795 per
873 1766 970 1795 quam

192 1812 340 1843 futurum
365 1811 485 1851 aliquid
504 1811 641 1848 videtur,
659 1812 831 1849 autequam
853 1810 970 1840 sactum

193 1865 244 1896 sil.
260 1865 378 1896 Seneca
396 1864 526 1896 videtur
541 1864 731 1895 concordare
746 1863 849 1894 Tullio
869 1863 902 1893 in
922 1864 972 1894 his

193 1919 309 1957 tribus,
326 1919 434 1949 dicens
448 1930 453 1949 :
468 1931 481 1947 a
498 1919 529 1950 Si
545 1918 683 1959 prudens
697 1928 742 1954 es,
754 1918 881 1948 animus
897 1920 972 1949 tuus

194 1973 297 2003 tribus
330 1973 528 2013 temporibus
555 1972 768 2012 dispensatur.
800 1971 972 2002 Prcesentia

194 2026 321 2064 ordina,
343 2026 450 2056 futura
471 2025 618 2065 provide,
636 2028 665 2055 et.
689 2025 847 2064 praiterila
866 2034 969 2055 recor-

194 2080 280 2111 dare.
302 2090 316 2108 »
338 2079 519 2110 Secundum
542 2079 660 2117 dogma
683 2078 970 2117 Philosophorum,

195 2134 363 2174 prudentia
377 2133 529 2164 dividitur
542 2132 575 2162 in
595 2134 732 2172 quatuor
752 2131 885 2171 species,
910 2132 972 2161 sci-

195 2188 265 2219 licet
282 2186 516 2227 providentiam
527 2210 534 2223 ,
551 2186 884 2225 circumspectionem,
903 2196 973 2216 cau-

196 2242 325 2279 tionem,
341 2244 370 2272 et
387 2241 591 2272 docilitatem.
611 2240 815 2271 Providentia
831 2243 876 2270 est
892 2249 973 2280 prse-

195 2305 266 2326 sens
282 2296 379 2333 notio,
396 2296 577 2325 futurorum
594 2296 789 2334 pertractans
804 2296 970 2325 eventum.

195 2349 438 2389 Circumspeclio
470 2351 517 2379 est
550 2348 785 2378 contrariorum
820 2348 973 2379 vitiorum

195 2403 326 2433 cautela.
351 2402 460 2433 Cautio
484 2405 529 2432 esi
556 2402 734 2432 discernere
757 2411 775 2431 a
800 2401 974 2432 virtutibus

197 2456 290 2494 vitia,
316 2456 472 2486 virtutum
493 2455 628 2495 speciem
651 2454 862 2494 praeferentia.
889 2454 974 2484 Doci-

197 2510 268 2540 litas
282 2512 329 2540 est
349 2498 515 2548 prudentia
530 2507 694 2538 erudiendi
711 2508 884 2547 imperitos.

239 2562 420 2593 Secundum
436 2562 656 2601 Augustinum
667 2561 677 2577 ⁵
695 2561 790 2591 habet
806 2561 974 2600 prudentia

233 2662 236 2675 ¹
254 2663 327 2691 Aug„
342 2660 371 2683 cie
386 2659 474 2684 morib.
493 2659 568 2689 Eccl.2
585 2666 605 2682 c.
622 2664 662 2682 xv.
679 2672 709 2675 —
724 2659 733 2674 ²
747 2658 811 2688 Cic„
827 2657 855 2681 (le
872 2659 974 2687 lavent„

200 2698 243 2720 ln».
262 2697 290 2721 ll.
309 2710 334 2713 -
357 2697 364 2709 ⁵
385 2696 430 2724 id..
447 2695 476 2718 (Ie
494 2696 579 2725 Ossia,
595 2695 638 2717 lib.
655 2695 673 2723 Ι,
690 2694 714 2717 in
736 2693 793 2718 line.
809 2707 838 2711 -
859 2696 866 2707 ⁴
887 2693 976 2721 lil.‚1l›>

202 2733 305 2761 Intrat„
320 2731 360 2755 lib.
378 2732 447 2756 ll.—
466 2732 473 2745 ⁵
487 2729 540 2754 Lih.
562 2730 591 2753 de
611 2730 677 2761 Spir.
696 2732 718 2753 e!
738 2729 832 2760 Arum„
849 2736 871 2753 c.
887 2735 929 2754 xx.
948 2743 972 2746 -

840 233 1149 273 CENTILOQUIUM.

1021 302 1131 343 plures
1144 305 1243 336 actus.
1254 304 1333 336 Nam
1342 305 1511 346 prudentia
1520 306 1580 338 scit
1592 305 1674 347 quid
1687 305 1800 338 debeat

1022 356 1138 389 facere:
1146 358 1369 398 prudentiaest
1373 360 1454 392 seire
1460 360 1536 401 quid
1543 360 1655 400 possit:
1663 359 1799 401 pruden-

1022 409 1067 441 tia
1076 410 1165 442 estin
1174 411 1332 452 eligendis
1344 424 1351 444 :
1364 413 1534 453 prudentia
1547 415 1594 445 est
1608 413 1689 446 nihil
1698 413 1799 454 poeni-

1022 463 1154 495 tendum
1177 467 1325 506 appetere
1334 491 1343 505 ,
1370 469 1402 498 et
1425 467 1507 498 nihil
1529 469 1647 508 praeter
1671 468 1800 508 iustum

1021 517 1103 549 velle
1126 518 1239 550 facere.
1265 519 1451 551 Secundum
1473 520 1671 553 Macrobium
1680 521 1703 560 ⁸,
1726 529 1800 561 pru-

1022 570 1130 602 dentia
1141 573 1189 603 est
1202 573 1360 604 mundum
1377 574 1490 612 istum,
1506 575 1538 605 et
1556 574 1666 606 omnia
1678 582 1753 615 quae
1764 573 1800 605 in

1024 625 1144 656 mundo
1158 627 1234 656 sunt
1240 649 1251 665 ,
1266 626 1452 658 divinorum
1466 627 1734 668 contemplatione
1746 627 1800 659 de-

1023 678 1155 718 spicere,
1162 682 1328 711 etomnem
1337 681 1436 711 animi
1446 681 1674 720 cogitationem
1689 681 1723 712 in
1733 681 1802 713 sola

1023 731 1134 764 divina
1160 732 1311 773 dirigere.
1337 733 1512 766 Prudentia
1535 736 1582 779 est
1603 734 1644 766 ad
1669 733 1802 766 rationis

1023 794 1185 825 normam,
1196 796 1269 827 quae
1280 787 1400 827 cogitat
1411 797 1549 829 quaeque
1558 788 1636 828 agit,
1649 788 1802 820 universa

1024 838 1176 879 dirigere,
1188 842 1220 872 et
1233 840 1314 871 nihil
1323 843 1442 881 praeter
1453 844 1577 873 rectum
1590 841 1672 873 velle
1685 841 1799 880 facere,

1024 892 1240 934 humanisque
1253 894 1375 925 actibus
1397 897 1550 935 tanquam
1565 894 1697 926 rationis
1715 895 1802 926 arhi-

1024 946 1088 977 trio
1103 947 1281 986 providere.
1301 947 1481 979 Prudentiae
1507 949 1619 979 insunt
1640 947 1736 986 ratio,
1751 947 1800 979 in-

1025 1000 1187 1039 tellectus,
1205 1001 1444 1042 circumspectio
1457 1027 1464 1038 ‚
1478 1001 1698 1042 providentia,
1715 1001 1800 1033 doci-

1025 1054 1107 1092 litas,
1119 1055 1254 1094 agnitio.
1268 1055 1346 1086 Item
1361 1055 1540 1096 prudentia,
1552 1055 1587 1086 in
1595 1055 1726 1086 homine
1735 1056 1801 1095 jain

1026 1111 1174 1149 purgato,
1199 1112 1243 1140 est
1261 1109 1370 1140 divina
1395 1118 1459 1141 non
1480 1109 1571 1149 quasi
1595 1109 1627 1139 in
1651 1108 1801 1140 electione

1026 1162 1187 1202 prael‘erre,
1199 1163 1253 1194 sed
1265 1163 1331 1194 sola
1347 1172 1450 1195 nosse.
1465 1163 1612 1195 Officium
1622 1162 1718 1194 etiam
1729 1171 1802 1203 pru-

1025 1216 1141 1248 dentiae
1156 1219 1217 1255 est,
1239 1225 1280 1247 ex
1294 1217 1463 1257 praeteritis
1476 1219 1507 1248 et
1523 1216 1733 1257 praesentibus
1748 1217 1802 1248 fu-

1026 1272 1100 1301 tura
1114 1270 1320 1310 perpendere.
1335 1270 1422 1301 Unde
1432 1270 1508 1301 dicit
1516 1270 1645 1301 Boetius
1654 1270 1664 1285 ⁷
1675 1270 1709 1300 in
1721 1270 1803 1302 libro

1026 1324 1065 1356 de
1087 1324 1307 1356 Consolatione
1334 1324 1551 1364 Philosophiae
1567 1335 1579 1355 .·
1597 1336 1612 1353 a
1627 1323 1698 1355 Non
1718 1324 1804 1364 quod

1026 1380 1100 1409 ante
1115 1378 1225 1409 oculos
1239 1381 1284 1409 est
1299 1378 1395 1409 situm
1412 1378 1529 1409 sufficit
1543 1377 1676 1415 intueri;
1692 1386 1804 1408 rerum

1026 1432 1131 1463 exitus
1155 1432 1324 1472 prudentia
1347 1432 1489 1463 metitur.
1506 1431 1804 1471 Circumspectionis

1026 1486 1168 1518 officium
1191 1489 1253 1523 cst,
1281 1495 1335 1525 per
1362 1486 1551 1525 diligentem
1577 1485 1804 1516 consideratio-

1027 1549 1113 1578 nem,
1129 1540 1211 1571 inter
1225 1539 1384 1571 contraria
1399 1539 1475 1570 vitia
1493 1539 1635 1570 medium
1651 1541 1767 1570 tenere.
1783 1550 1798 1568 ι)

1234 1652 1256 1684 S
1269 1652 1294 1685 Ε
1304 1652 1328 1685 C
1338 1651 1364 1684 T
1375 1650 1426 1684 10
1469 1650 1500 1683 Χ
1510 1650 1536 1683 L
1548 1650 1560 1683 1
1571 1651 1596 1683 1.

1298 1733 1334 1759 De
1351 1732 1552 1767 Temperantia.

1069 1811 1220 1851 Sequitur
1236 1811 1344 1841 videre
1359 1810 1397 1841 de
1422 1809 1632 1849 temperantia
1647 1811 1803 1849 quantum

1029 1866 1067 1896 ad
1083 1865 1160 1902 tria,
1183 1865 1298 1895 scilicet
1317 1866 1474 1904 quantum
1497 1863 1535 1894 ad
1560 1862 1803 1901 diffinitionem,

1029 1919 1208 1958 specierum
1229 1918 1492 1955 assignationem,
1510 1920 1540 1948 et
1555 1919 1683 1948 actuum
1698 1917 1804 1948 varla-

1029 1972 1160 2002 tionem.
1179 1971 1401 2011 Temperantia
1415 1970 1604 2001 describitur
1618 1979 1637 2000 a
1655 1970 1758 2000 Tullio
1772 1970 1806 2000 in

1027 2026 1136 2065 prima
1153 2025 1318 2056 Rhetorica
1329 2026 1339 2042 ⁸
1358 2035 1364 2055 ε
1387 2036 1400 2052 α
1415 2023 1638 2063 Temperantia
1652 2026 1699 2054 est
1714 2023 1807 2054 ratio-

1030 2078 1080 2108 nis
1104 2079 1136 2107 in
1160 2077 1336 2114 libidinem,
1357 2079 1450 2116 atque
1476 2077 1508 2106 in
1523 2076 1600 2106 alios
1622 2085 1686 2107 non
1707 2078 1808 2108 rectos

1031 2131 1167 2171 impetus
1190 2131 1305 2167 animi,
1324 2131 1417 2160 lirina
1437 2132 1468 2160 et
1490 2130 1651 2160 moderata
1665 2129 1808 2161 domina-

1030 2185 1085 2215 tio.
1103 2196 1117 2212 »
1142 2185 1219 2215 ltem
1233 2184 1273 2214 ab
1289 2184 1401 2214 codem
1418 2183 1449 2213 in
1470 2182 1552 2213 libro
1575 2182 1614 2214 cle
1634 2182 1781 2221 ΟΠῖσῑίἱεΒ
1799 2193 1806 2213 t

1036 2250 1049 2265 «
1063 2237 1286 2277 Temperantia
1300 2239 1346 2267 cst
1356 2236 1535 2267 dominium
1550 2236 1681 2266 rationis
1691 2236 1724 2266 in
1739 2236 1809 2267 libi-

1031 2293 1149 2329 dinem,
1167 2293 1197 2321 et
1221 2291 1253 2321 in
1271 2293 1377 2321 motus
1400 2290 1478 2320 alios
1498 2289 1708 2329 importunos.
1727 2300 1741 2317 n
1759 2289 1808 2320 Ab

1031 2345 1225 2383 Augustino,
1243 2344 1275 2374 in
1292 2344 1370 2374 libro
1385 2343 1424 2375 de
1439 2342 1581 2375 Moribus
1596 2342 1744 2374 Ecclesiae
1760 2345 1781 2362 ¹⁰
1799 2353 1806 2373 :

1036 2410 1050 2426 a
1065 2397 1290 2437 Temperantia
1307 2400 1354 2427 est
1373 2406 1464 2427 amor
1479 2397 1540 2427 Deo
1555 2405 1621 2426 sese
1644 2397 1807 2435 integrum

1032 2452 1320 2491 incorruptumque
1333 2459 1557 2481 conservans.»
1570 2450 1596 2480 A
1606 2449 1762 2480 Macrobio
1772 2451 1806 2480 ¹¹:

1037 2518 1051 2535 ιι
1066 2505 1285 2545 Temperantis
1299 2507 1361 2542 est,
1388 2504 1465 2535 nihil
1481 2505 1628 2543 appetere
1652 2503 1808 2542 poeniten-

1032 2561 1120 2596 dum,
1137 2560 1169 2589 in
1183 2559 1269 2590 nullo
1285 2559 1389 2598 legem
1404 2556 1631 2588 moderationis
1642 2556 1806 2594 excedere,

1034 2627 1041 2635 ⁴'
1063 2622 1185 2651 Macrob„
1210 2623 1235 2644 in
1257 2623 1338 2644 Sonam.
1366 2620 1456 2650 Sci-ip„
1483 2618 1525 2642 lib.
1552 2619 1567 2642 Ι.
1589 2631 1619 2636 -
1644 2620 1647 2621 ⁷
1673 2619 1753 2645 Πυθίη
1780 2618 1809 2642 (Ie

1034 2658 1132 2681 szsol.
1151 2657 1254 2683 Philus..
1270 2663 1337 2686 prus,
1357 2658 1376 2678 l.
1393 2668 1423 2673 —-
1441 2656 1447 2667 ¹*
1466 2655 1529 2684 Cic..
1548 2654 1576 2676 tle
1593 2655 1695 2680 lavem„
1711 2654 1754 2677 lib.
1778 2654 1806 2677 Η.

1037 2707 1060 2709 -
1080 2696 1088 2703 ”
1103 2693 1149 2723 ld.,
1163 2693 1192 2716 de
1208 2692 1285 2723 Offic.,
1302 2691 1344 2715 lib.
1363 2692 1380 2714 1.
1401 2704 1426 2707 -
1449 2691 1467 2706 '⁰
1485 2693 1559 2720 Aug„
1578 2689 1607 2713 tle
1622 2689 1714 2713 Mor-ib.
1730 2688 1823 2715 Ere-I„-

1034 2736 1054 2752 ε’.
1073 2735 1115 2753 xV.
1134 2742 1153 2745 —›
1175 2730 1190 2741 '¹
1205 2727 1328 2757 macrob„
1346 2727 1371 2750 in
1387 2727 1470 2751 Sama.
1489 2726 1566 2756 Scipi„
1582 2725 1626 2749 lib.
1644 2725 1660 2749 l.

1834 1819 1887 1838 Tem
1891 1823 1925 1843 pe-

1835 1850 1911 1869 mutin

1833 1880 1913 1901 diffini-

1832 1912 1910 1934 tiones.
