2003 3037
91 330 157 351 Ritus

50 361 146 388 symbo-

50 393 130 414 lorum.

93 1201 147 1222 Suifi
152 1212 160 1216 -

70 1231 151 1252 aientia

55 1262 161 1283 articulo-

56 1299 106 1314 rum
113 1293 163 1314 fidei

58 1330 86 1345 ex
102 1325 164 1350 parte

58 1361 130 1376 causae
136 1356 166 1376 ef-

55 1387 158 1409 finientis.

724 202 842 235 PART.
866 202 920 234 111.
945 201 1052 234 SECT.
1075 201 1238 235 XXXVIlI.

171 273 221 306 vel
251 273 449 314 propalati03
481 280 577 304 causa
604 270 689 303 tertii
717 269 778 302 fuit
805 279 953 302 errorum

171 327 400 368 pullulantium
414 325 650 358 exterminatio.
676 323 822 356 Primum
838 323 955 355 dicitur

171 383 235 422 maj
241 390 278 413 us
291 406 299 422 ,
314 390 380 413 non
396 379 625 413 numerositate
640 379 862 410 contentorum
875 402 882 416 ‚
900 377 955 408 sed

171 435 353 476 majoritate
375 434 598 472 conditorum,
626 432 679 464 vel
703 433 884 463 auctorum.
915 429 954 461 Et

171 489 286 521 dicitur
309 488 467 520 submissa
487 496 583 526 voce,
604 486 691 527 quia.
705 485 764 516 suit
787 484 953 515 conditum

171 545 314 583 tempore
343 541 485 574 veritatis
508 540 653 572 nondum
682 538 877 580 propalatae,
902 537 955 569 vel

171 597 320 638 prolatae;
338 596 391 628 vel
407 595 482 636 quia
502 597 550 626 est
573 595 613 626 ad
635 593 776 635 propriae
791 592 954 624 conscien-

171 650 224 682 tiae
239 650 452 682 securitatem.
475 648 595 680 Dicitur
617 648 714 679 etiam
733 647 766 678 in
786 647 848 678 diei
864 646 956 686 prin-

172 705 254 745 cipio
267 706 297 735 et
311 704 393 742 fine,
409 703 527 734 scilicet
540 703 574 734 in
590 702 697 734 Prima
713 704 744 733 et
759 701 793 732 in
808 700 954 741 Comple-

172 758 269 796 torio,
290 759 420 798 propter
443 757 605 797 duplicem
628 755 860 787 confessionem
883 753 956 785 fidei

172 811 401 850 necessariam,
418 811 534 842 scilicet
554 810 588 841 in
608 809 765 850 principio
791 807 954 845 Ecclesiae,

173 867 204 896 et
225 865 259 895 in
282 865 367 903 fine;
391 864 443 895 vel
465 864 498 894 in
523 863 679 904 principio
702 861 957 905 regenerationis

174 918 390 959 baptismalis,
407 920 438 949 et
452 917 566 949 ultimo
581 916 792 948 defunctionis
807 924 958 956 corpora-

174 973 233 1011 lis,
260 973 294 1003 in
317 971 538 1003 testimonium
563 969 814 1002 conversationis
842 969 957 999 trium-

175 1026 298 1066 phalis;
315 1025 366 1057 vel
379 1025 414 1056 in
434 1024 594 1065 prosperis
605 1048 614 1062 ,
632 1026 662 1055 et
677 1023 838 1061 adversis;
858 1022 911 1053 vel
926 1023 958 1053 in

175 1079 314 1119 agendo,
329 1082 359 1110 et
373 1078 521 1118 patiendo
535 1089 540 1108 :
558 1077 609 1108 vel
625 1077 711 1118 quod
728 1077 806 1108 fides
822 1079 870 1107 est
886 1085 957 1106 scu-

175 1135 246 1164 tum
269 1135 379 1164 contra
403 1132 596 1163 tentationes
620 1131 771 1169 diurnas,
795 1132 826 1161 et
849 1131 960 1160 contra

175 1187 365 1219 tentationes
379 1188 565 1217 nocturnas.
585 1184 781 1223 Secundum,
800 1185 876 1224 quia
890 1184 957 1215 edi-

176 1243 247 1272 tum
263 1243 311 1271 est
329 1243 458 1281 propter
478 1239 646 1271 veritatem
669 1239 817 1269 traditam
842 1247 958 1278 propa-

178 1295 323 1333 landam,
339 1294 374 1325 in
388 1294 499 1325 diebus
514 1293 682 1324 dominicis
697 1294 728 1322 et
741 1292 826 1322 festis
843 1291 960 1322 solem-

179 1349 286 1386 nibus,
303 1349 432 1388 propter
448 1349 603 1390 maiorem
621 1349 817 1377 conventum
837 1345 957 1385 populi,

180 1402 244 1433 alta
257 1411 334 1434 voce
347 1404 494 1433 cantatur
507 1413 512 1433 z
529 1403 559 1432 et
573 1401 635 1432 hoc
649 1403 720 1443 post
732 1399 958 1438 Evangelium,

181 1457 256 1497 quia
271 1458 318 1487 est
339 1457 408 1496 ejus
431 1455 538 1486 brevis
559 1454 721 1491 collectio3
739 1455 770 1484 et
783 1455 857 1484 ante
872 1461 959 1483 com-

181 1510 380 1548 munionem,
396 1509 473 1549 quia
485 1510 532 1539 est
545 1508 584 1539 ad
597 1508 700 1548 ipsam
717 1507 817 1546 digna
834 1516 958 1547 praepa-

181 1563 273 1595 ratio.
297 1563 441 1594 Tertium
465 1562 590 1600 dicitur,
615 1563 706 1591 nocte
728 1561 829 1598 finita,
856 1561 961 1600 prima

181 1617 243 1649 diei
256 1617 347 1655 hora,
364 1617 440 1657 quia
453 1616 512 1646 fuit
526 1615 647 1646 editum
661 1617 805 1655 tempore
818 1614 961 1645 veritalis

182 1680 344 1702 concussae
354 1680 410 1711 per
420 1670 596 1708 haereticOS,
610 1669 815 1709 praevalentis
823 1669 962 1700 finaliter

182 1727 292 1764 eontra
304 1732 367 1755 eos.

223 1777 421 1809 Sufficientia
434 1777 642 1808 articulorum
659 1777 692 1807 in
708 1775 860 1816 Symbolo
875 1776 960 1816 Apo-

182 1832 291 1864 stolico
314 1833 536 1862 contentorum
562 1833 665 1871 potest
690 1831 856 1870 dupliciter
884 1831 960 1861 assi-

183 1886 294 1925 gnari,
324 1884 441 1915 scilicet
467 1894 507 1915 ex
533 1886 622 1924 parte
649 1892 753 1915 causae
780 1884 959 1922 efficientis,

182 1939 300 1970 scilicet
327 1938 566 1979 apostolorum,
592 1938 666 1978 quia
694 1937 733 1968 ad
762 1937 962 1968 condendum

183 1993 374 2034 Symbolum
398 1992 521 2032 singuli
544 1991 689 2031 singulas
713 1992 883 2031 particulas
904 2001 960 2032 po-

183 2049 320 2079 suerunt
333 2047 354 2077 ¹.
385 2046 501 2077 Petrus
524 2046 599 2076 dicit
630 2057 637 2076 ·.
670 2045 768 2077 Credo
798 2046 834 2077 in
865 2046 963 2077 Deum

183 2102 310 2133 Patrem
336 2101 605 2139 omnipotentem,
638 2102 810 2131 creatorem
838 2100 909 2131 creti
936 2103 964 2132 et

183 2158 286 2187 terrae.
317 2153 461 2184 Andreas
489 2153 658 2193 subJunxit
687 2162 694 2182 z
728 2153 768 2184 Et
794 2154 830 2184 in
858 2154 964 2185 Jesum

185 2208 346 2240 Christum
370 2207 475 2245 filium
501 2207 590 2245 eJ'us,
609 2206 777 2237 Dominum
805 2210 962 2239 nostrum.

181 2262 300 2294 Deinde
315 2261 451 2292 loannes
471 2271 477 2290 2
499 2260 560 2295 Qui
582 2263 750 2298 conceptus
766 2262 810 2292 est
833 2260 871 2292 de
889 2261 965 2300 Spi-

182 2318 250 2349 ritu
265 2319 386 2354 sancto,
403 2318 502 2347 natus
515 2323 556 2346 ew
566 2315 674 2346 Maria
689 2315 829 2353 viv-qino.
846 2314 965 2346 Deinde

183 2371 319 2402 Jacobus
338 2370 439 2409 Major
456 2380 462 2399 :
480 2369 599 2400 Passus
622 2368 680 2400 sub
704 2368 817 2400 Pontio
838 2369 943 2401 Pitato
957 2393 964 2406 ,

184 2424 375 2463 crucifixus,
391 2425 550 2461 mortuus7
571 2423 726 2462 sepultus.
747 2422 864 2453 Deinde
880 2423 964 2453 Tho-

185 2486 255 2508 mas
268 2488 275 2508 ι
290 2476 459 2509 Descendit
471 2476 514 2508 acl.
528 2477 671 2515 inferna,
686 2477 782 2508 tertia
797 2476 848 2508 die
859 2484 967 2508 resur-

187 2532 273 2563 reoeit
301 2539 322 2562 a
346 2531 493 2562 mortuis.
524 2530 641 2561 Deinde
672 2530 807 2560 Jacobus
839 2529 963 2561 Minor:

190 2584 345 2616 Ascendit
366 2584 411 2616 ad
431 2584 539 2622 coetos,
557 2584 643 2616 sedet
666 2584 711 2615 ad
730 2584 895 2616 deoeteram
912 2585 969 2616 Dei

227 2667 230 2679 ¹
254 2665 322 2689 idem
340 2664 449 2688 habetur
470 2664 495 2688 in
514 2665 642 2695 lienem,
664 2672 740 2689 serm.
767 2670 826 2695 vni,
849 2667 872 2688 et
894 2665 968 2689 Dicet.

195 2701 288 2732 Salat„
303 2707 325 2724 c.
343 2705 383 2725 111.

1732 207 1790 237 407

1011 270 1118 302 Patris
1155 271 1396 311 omnipotentis.
1434 272 1551 304 Deinde
1585 271 1754 313 Philippus
1784 284 1791 304 :

1010 323 1089 356 Inde
1104 327 1260 357 venturus
1270 325 1477 364 estJ'udicare
1493 327 1584 358 vivos
1599 329 1628 359 et
1638 329 1791 359 mortuos.

1010 376 1126 408 Deinde
1142 377 1396 410 Bartholomaeus
1419 389 1425 409 z
1455 379 1555 412 Credo
1575 381 1612 412 in
1637 379 1794 420 Spiritum

1010 434 1169 464 sanctum.
1187 431 1305 463 Deinde
1321 432 1508 463 Matthaeus:
1528 433 1679 466 Sanctam
1694 434 1795 466 Eccle-

1010 485 1095 516 siam
1118 485 1321 518 catholicam.
1348 485 1386 517 Et
1404 488 1452 517 est
1474 495 1585 517 sensus
1607 495 1615 517 z
1640 486 1738 518 Credo
1761 487 1795 517 in

1011 538 1169 578 Spiritum
1198 541 1345 570 sanctum
1378 540 1629 571 sanctificantem
1662 540 1794 571 univer-

1012 592 1111 623 salem
1123 592 1308 624 Ecclesiam.
1324 593 1442 624 Deinde
1453 593 1563 624 Simon
1577 593 1792 624 Chananaeus:

1011 646 1200 678 Sanctorum
1244 648 1497 679 communionem
1513 671 1521 685 ,
1574 648 1796 679 remissionem

1009 703 1221 741 peccatorum.
1245 701 1285 733 Et
1308 704 1355 733 est
1379 711 1512 739 sensus,
1541 702 1627 742 quod
1651 701 1796 732 remissio

1011 757 1216 795 peccatorum
1230 756 1267 786 fit
1281 756 1315 786 in
1329 755 1556 786 communione
1566 755 1730 793 vivorum,
1745 754 1796 786 vel

1012 812 1300 841 sacramentorum.
1331 808 1449 840 Deinde
1479 807 1575 840 Judas
1603 807 1762 839 Thadaeus
1787 818 1794 838 :

1015 864 1131 895 Carnis
1142 864 1418 895 resurrectionem.
1433 862 1470 893 Et
1483 865 1529 893 est
1544 871 1657 894 sensus
1672 873 1678 893 :
1699 861 1796 893 Credo

1012 917 1098 958 quod
1111 917 1195 948 Deus
1210 916 1410 947 resuscitabit
1427 925 1568 946 carnem.
1587 915 1704 947 Deinde
1718 915 1796 946 Mat-

1013 971 1117 1001 thias:
1140 971 1248 1003 Vitam
1261 972 1425 1008 (eternam,
1442 970 1552 1001 Amen.

1055 1025 1163 1056 Potest
1177 1025 1231 1055 etis
1240 1034 1272 1055 m
1283 1024 1472 1055 sufficientia
1486 1023 1644 1063 assignari
1657 1032 1697 1054 ex
1707 1024 1797 1063 parte

1014 1087 1118 1109 causae
1134 1077 1323 1116 materialis,
1345 1077 1463 1108 scilicet
1481 1077 1625 1117 ipsorum
1647 1075 1798 1107 articulo-

1014 1141 1100 1163 rum.
1118 1132 1235 1163 Omnes
1247 1131 1373 1162 articuli
1387 1133 1463 1162 sunt
1476 1131 1515 1162 de
1530 1131 1605 1168 Deo,
1622 1130 1673 1162 vel
1689 1139 1799 1161 secun-

1015 1185 1092 1216 dum
1105 1187 1253 1216 naturam
1265 1186 1297 1215 in
1308 1194 1371 1225 qua
1387 1185 1542 1224 consistit⁷
1555 1185 1605 1216 vel
1620 1185 1799 1216 secundum

1016 1241 1166 1270 naturam
1193 1248 1290 1279 quam
1321 1238 1504 1278 assumpsit.
1531 1238 1567 1269 Et
1594 1238 1638 1268 sic
1667 1238 1798 1278 quidam

1016 1293 1143 1324 articuli
1158 1295 1300 1334 spectant
1322 1293 1360 1324 ad
1380 1292 1597 1330 divinitatem,
1615 1292 1746 1332 quidam
1761 1290 1800 1321 ad

1016 1347 1262 1378 humanitatem.
1280 1347 1339 1385 Qui
1364 1347 1403 1377 ad
1424 1346 1623 1378 divinitatem
1638 1370 1645 1381 ,
1664 1347 1719 1376 ant
1732 1354 1799 1375 res-

1017 1401 1139 1441 piciunt
1160 1402 1303 1433 divinam
1324 1403 1474 1431 naturam
1501 1400 1533 1430 in
1556 1408 1606 1438 se,
1632 1401 1663 1430 et
1685 1399 1730 1429 sic
1753 1401 1800 1430 est

1016 1457 1139 1496 primus
1149 1456 1188 1486 de
1205 1455 1440 1495 singularitate,
1458 1463 1531 1485 cum
1547 1453 1679 1484 dicitur:
1699 1453 1798 1485 Credo

1017 1511 1053 1542 z'n
1073 1512 1190 1548 Deum,
1218 1512 1248 1540 et
1267 1518 1331 1539 non
1357 1509 1389 1538 in
1418 1508 1504 1539 deos.
1535 1507 1599 1538 Aut
1626 1507 1800 1547 respiciunt

1016 1564 1134 1595 divinae
1156 1564 1301 1594 essentiae
1326 1565 1390 1593 tres
1418 1571 1580 1602 personas,
1606 1563 1636 1592 et
1664 1562 1708 1591 sic
1732 1570 1798 1592 res-

1018 1620 1112 1657 pectu
1137 1617 1239 1648 Patris
1260 1618 1329 1647 est:
1357 1615 1455 1648 Credo
1478 1617 1514 1647 in
1540 1616 1668 1647 Patrem
1693 1615 1800 1646 omni—

1015 1674 1178 1711 potentem
1204 1680 1212 1701 :
1244 1670 1399 1710 Respectu
1426 1670 1496 1700 Filii
1524 1672 1572 1700 est
1599 1679 1606 1699 :
1641 1668 1740 1701 Credo
1763 1670 1799 1700 in

1018 1725 1123 1756 Jesum
1138 1724 1299 1756 Christian
1318 1723 1424 1762 filium
1442 1723 1511 1762 ejus
1526 1724 1670 1762 unicum,
1690 1723 1797 1754 Domi-

1018 1787 1096 1810 num
1111 1781 1267 1810 nostrum.
1286 1777 1442 1817 Respectu
1458 1776 1598 1816 Spiritus
1613 1777 1713 1807 sancti
1730 1779 1776 1807 est
1791 1786 1798 1806 ι

1022 1833 1120 1865 Credo
1137 1833 1174 1864 in
1188 1832 1348 1871 Spiritum
1365 1833 1524 1862 sanctum.
1543 1830 1607 1860 Aut
1624 1830 1800 1869 respiciunt

1019 1886 1138 1917 divinae
1163 1885 1307 1915 essentiae
1329 1884 1549 1923 operationes,
1573 1892 1712 1922 quarum
1735 1893 1801 1914 uua

1019 1941 1066 1970 est
1086 1939 1119 1969 in
1143 1938 1308 1969 collatione
1330 1939 1472 1974 naturae,
1490 1938 1521 1967 et
1537 1937 1605 1967 haec
1621 1939 1668 1967 est
1683 1936 1800 1967 creatio

1019 1994 1141 2024 habens
1157 2001 1250 2023 suum
1270 1991 1439 2022 articulum
1461 2001 1466 2020 :
1496 1991 1594 2023 Credo
1617 1992 1653 2022 in
1678 1994 1799 2022 creato-

1020 2055 1086 2078 rem
1108 2046 1178 2078 cceli
1204 2049 1234 2078 et
1259 2048 1362 2077 terroe.
1394 2044 1465 2075 Alia
1494 2047 1540 2075 est
1572 2044 1606 2074 in
1635 2044 1801 2075 collatione

1021 2101 1147 2140 gratiae,
1162 2102 1192 2130 et
1204 2100 1273 2130 haec
1284 2101 1330 2128 est
1345 2098 1552 2128 sanctificatio
1569 2098 1691 2128 hahens
1706 2107 1801 2128 suum

1021 2155 1211 2186 articulum:
1232 2153 1382 2184 Sanctam
1398 2152 1575 2183 Ecclesiam
1597 2152 1798 2189 catholicam,

1021 2211 1201 2240 sanctorum
1215 2207 1476 2241 communionem,
1493 2206 1713 2236 remissionem
1727 2213 1802 2244 pec-

1021 2265 1176 2294 catorum.
1196 2261 1233 2291 Et
1248 2263 1294 2290 est
1313 2268 1444 2289 sensus:
1469 2258 1567 2288 Credo
1588 2258 1672 2298 quod
1689 2259 1800 2289 reinis-

1023 2316 1069 2346 sio
1093 2317 1295 2355 peccatorum
1325 2314 1381 2343 fiat
1407 2313 1439 2342 in
1464 2312 1603 2343 Ecclesia
1631 2313 1800 2349 catholica,

1023 2370 1078 2400 uhi
1095 2372 1141 2399 est
1153 2368 1336 2398 communio
1351 2368 1534 2396 sanctorum
1549 2366 1734 2404 masculine,
1752 2367 1802 2397 vel

1024 2427 1206 2453 sanctorum
1228 2420 1429 2457 neutraliter,
1448 2419 1565 2449 scilicet
1587 2422 1800 2450 sacramento-

1024 2485 1110 2507 rum.
1123 2475 1193 2506 Alia
1203 2477 1249 2505 est
1265 2474 1296 2503 in
1313 2473 1479 2503 collatione
1493 2472 1617 2511 gloriae,
1633 2476 1664 2503 et
1679 2474 1748 2504 haec
1758 2476 1803 2503 est

1026 2530 1167 2570 gloriosa
1194 2526 1414 2563 resuscitatio,
1449 2525 1569 2555 hahens
1601 2535 1696 2556 suum
1724 2526 1802 2556 arli—

1025 2586 1135 2616 culum
1162 2593 1169 2614 :
1201 2583 1316 2614 Carnis
1343 2582 1623 2619 resmiectionem,
1649 2584 1675 2612 et
1702 2582 1803 2612 ritam

1026 2642 1192 2675 oeternam,
1217 2637 1328 2668 Amen.
1349 2634 1475 2674 Septem
1493 2637 1570 2665 sunt
1586 2644 1665 2673 ergo
1680 2634 1804 2665 articuli

1028 2694 1173 2732 respectu
1211 2688 1389 2721 divinitatis
1429 2688 1557 2728 accepti.
1596 2688 1804 2729 Accipiuntur

1851 1037 1917 1056 Suffi-

1826 1068 1906 1088 aientia

1813 1105 1839 1120 ex
1858 1100 1920 1125 parte

1833 1136 1905 1150 CRUSae

1813 1161 1920 1182 materia-

1814 1193 1850 1213 lis.
