2003 3037
151 231 211 262 362

151 295 332 337 Aliquando
345 295 477 326 nomine
491 292 726 331 aemulationis,
743 292 829 323 sicut
851 298 928 322 cou-

152 352 214 382 stat
239 358 280 380 ex
311 348 416 389 primo
448 347 568 388 Requm
587 347 597 364 ¹
623 357 631 377 :
657 345 834 387 Affliqebat
861 351 932 376 eam

153 402 269 436 oemula
287 402 368 442 ejus.
387 401 509 433 Tamen
532 399 696 432 aemulatio
710 401 849 440 quatuor
870 397 931 428 ha-

152 458 206 490 het
230 456 478 497 significationes
505 455 567 486 hoc
594 453 752 486 versiculo
786 460 931 492 compre-

153 512 292 543 hensas:

185 592 302 620 AEmulus
316 591 351 624 (a)
366 591 479 622 inflatur,
491 591 569 621 amat,
584 588 692 620 invidet,
704 594 734 612 ac
747 586 869 612 imitatur.

195 672 376 714 Aliquando
390 671 522 703 nomine
538 669 687 711 proprio;
704 669 735 699 et
749 667 793 698 sic
807 666 935 698 Damas-

155 735 252 759 eenus
275 726 351 758 dicit
373 726 385 743 ²
399 749 408 763 ‚
434 724 519 766 quod
549 724 688 764 quatuor
714 722 791 753 sunt
813 720 934 761 speeies

154 780 290 813 tristitiae
304 803 312 818 ,
338 779 456 811 seilicet
488 777 607 814 acidia,
632 784 707 817 quae
730 777 778 807 est
808 773 936 806 tristitia

155 843 357 875 aggravans3
374 833 471 864 aehos
483 832 494 849 ³
508 856 516 871 ‚
533 839 607 872 quae
621 832 669 862 est
680 828 810 861 tristitia
822 836 935 859 vocem

155 889 320 926 auferens;
342 885 574 924 misericordia,
593 893 665 925 quae
684 885 731 914 est
749 881 877 913 tristitia
897 880 936 911 de

156 943 262 974 alieno
285 941 389 980 malo;
413 940 554 977 invidia,
577 945 651 979 quae
677 939 724 968 est
744 934 873 966 tristitia
898 932 936 964 de

156 996 259 1028 alieno
274 996 370 1028 bono.

197 1050 360 1082 Diffinitur
382 1051 491 1080 autem
520 1047 566 1078 sic
595 1045 716 1078 invidia
739 1043 779 1074 ab
803 1042 934 1080 Augus-

157 1104 224 1135 tino
239 1104 271 1135 ἐ
294 1115 309 1133 α
330 1102 454 1134 Invidia
474 1103 523 1133 est
545 1100 655 1132 odium
678 1096 835 1129 felicitatis
859 1094 934 1125 alie-

158 1168 219 1190 nae.
235 1171 250 1188 »
270 1159 297 1189 A
318 1157 466 1197 Remigio
489 1156 535 1187 sic
561 1166 567 1185 ;
594 1166 608 1183 «
633 1153 755 1184 Invidia
779 1152 827 1182 est
848 1148 938 1179 dolor

158 1213 197 1244 de
211 1212 314 1244 alieno
329 1212 423 1242 hono.
440 1221 454 1238 »
474 1210 500 1241 A
518 1209 710 1240 Damnst-eno
725 1206 735 1222 ⁵
753 1216 760 1236 :
783 1217 796 1233 «
814 1202 938 1234 Invidia

159 1269 205 1298 est
227 1265 358 1297 tristitia
380 1265 419 1296 de
442 1263 554 1295 alienis
573 1262 678 1293 bonis.
701 1271 715 1289 ι)
741 1260 769 1291 Α
792 1258 936 1289 Philoso-

159 1321 223 1361 pho
238 1323 273 1350 ⁰:
295 1330 310 1349 α
336 1318 462 1349 Invidia
486 1320 532 1348 est
558 1314 686 1346 tristitia
714 1314 746 1343 in
773 1310 939 1352 apparenti

159 1374 306 1406 felicitate
321 1372 458 1411 alicujus
473 1370 691 1401 inimieorum.
705 1378 718 1395 »
733 1367 809 1397 Item
826 1365 917 1395 aliter
930 1375 936 1394 :

165 1440 178 1458 α
194 1427 314 1459 Invidia
330 1428 378 1457 est
393 1424 547 1456 dissensio
562 1423 602 1453 al)
617 1422 721 1453 alieno
739 1420 838 1457 hono,
855 1418 939 1449 exis-

160 1482 271 1513 timato
287 1480 467 1512 diminuere
485 1477 661 1518 proprium.
678 1487 693 1504 »

202 1534 397 1566 Differentiae
413 1531 542 1563 invidiae
560 1528 767 1561 materialiter
791 1526 939 1565 assigna-

162 1591 203 1620 tae
223 1587 399 1620 secuudum
416 1585 634 1625 Augustiunm
649 1583 659 1599 ⁷
677 1584 752 1613 sunt
774 1583 836 1610 tres
852 1603 860 1617 ‚
882 1578 940 1608 sci-

162 1643 234 1674 licet
254 1641 397 1673 invidere
419 1638 653 1680 superioribus,
670 1636 814 1677 paribus,
833 1635 863 1664 et
884 1632 941 1662 mi-

163 1697 297 1728 noribus
312 1720 321 1734 ,
352 1695 419 1726 sive
451 1693 665 1725 inferioribus
704 1688 826 1720 Invidet
855 1686 941 1717 enim

163 1752 261 1782 homo
278 1749 513 1790 superioribus,
531 1747 606 1787 quia
621 1746 666 1775 eis
687 1753 751 1774 non
775 1744 940 1782 aequatur;

165 1805 315 1845 paribus,
334 1803 409 1843 quia
430 1802 463 1832 iu
483 1800 598 1832 melius
624 1798 872 1838 prosperantur;
894 1794 944 1823 in-

164 1858 352 1895 ferioribus,
369 1866 408 1886 ne
424 1855 451 1886 ei
468 1855 646 1894 aequentur.

208 1910 386 1951 Opponitur
401 1911 508 1940 autem
523 1907 619 1937 timor
635 1903 758 1936 Domini
773 1901 942 1942 superbire,

166 1966 288 1997 ratione
305 1963 496 1995 humilitatis
515 1969 610 2001 quam
630 1958 784 1998 generum
802 1958 830 1986 et
847 1955 946 1994 pietas

167 2020 315 2055 invidiae,
335 2018 457 2048 rationo
480 2014 643 2046 charitatis
667 2021 707 2042 ex
729 2020 790 2051 qua
813 2017 945 2049 genera-

167 2076 230 2104 tur.
250 2072 357 2103 Prima
372 2071 459 2101 enim
477 2071 507 2099 et
524 2067 687 2109 potissima
705 2065 770 2095 iilia
785 2062 946 2094 charitatis

168 2129 213 2158 est
230 2126 347 2166 pietas,
365 2134 436 2165 quae
450 2123 489 2154 ad
505 2122 614 2153 omnia
629 2120 722 2151 valet.

211 2180 301 2211 Filiae
326 2178 455 2209 invidiae
478 2175 656 2207 secundum
676 2174 806 2204 beatum
822 2170 945 2209 Grego-

169 2234 279 2265 rium⁸
303 2235 378 2264 sunt
399 2231 565 2272 quinque,
591 2228 708 2258 seilicet
731 2226 864 2262 odium,
891 2232 945 2253 su-

170 2288 331 2325 surratio,
356 2285 533 2320 detractio,
562 2280 717 2313 exultatio
743 2279 775 2309 iu
804 2276 948 2308 adversis

171 2341 327 2382 proximi,
340 2339 467 2371 at‘ssietio
483 2338 515 2368 in
531 2335 690 2377 prosperis
705 2333 814 2373 ipsius.
831 2329 944 2361 Odium

171 2397 220 2426 est
241 2394 389 2425 voluntas
413 2393 563 2423 affectans
582 2388 729 2430 proximo
753 2385 896 2420 malum,
914 2385 949 2413 ut

171 2450 278 2479 careat
292 2448 497 2478 contristante
511 2446 607 2475 bono.
627 2440 813 2472 Susurratio
829 2440 876 2468 est
891 2446 947 2467 vo—

171 2502 281 2533 luntas
303 2500 453 2540 loquendi
482 2498 644 2529 seminans
672 2493 842 2525 discordias
868 2491 949 2520 inter

206 2583 210 2596 ¹
227 2583 235 2605 1
255 2582 321 2611 quq
339 2587 355 2609 ι,
370 2582 392 2603 tl.
404 2593 434 2598 --
449 2580 456 2592 ⁷
473 2580 597 2607 ll.11i1as‹·,
614 2576 643 2598 dt?
659 2575 716 2599 Far.
733 2572 847 2600 Orthad„
861 2571 902 2594 lul).
919 2571 948 2597 ΙΙ,

172 2625 195 2641 c.
210 2623 262 2641 xiv.
282 2630 306 2633 —
330 2617 337 2629 ³
356 2616 428 2646 Ἃχος
457 2628 486 2632 -
502 2615 511 2630 ⁵
526 2616 578 2643 Aug:
592 2632 598 2643 ,
616 2613 706 2635 Erum-1:
729 2611 752 2633 iu
771 2608 836 2632 Psal.
852 2613 901 2630 «tir.
920 2619 949 2622 —

172 2654 183 2669 ⁸
200 2652 380 2681 Damasc.,loe.
403 2651 445 2675 eit.
464 2663 492 2668 —
516 2650 525 2665 ὅ
547 2649 630 2677 λύει,
654 2647 761 2673 ΙίΙιοΜι-.,
783 2644 825 2667 lib.
848 2644 877 2671 tl,
895 2650 916 2665 e.
935 2647 948 2664 x

174 2691 198 2712 et
214 2695 261 2712 xil.
276 2703 306 2707 —
323 2689 330 2701 ⁷
346 2689 421 2717 Aug„
436 2687 465 2709 (le
481 2686 541 2709 Gen.
564 2684 596 2708 ad
615 2684 677 2711 len,
692 2683 735 2706 lili.
753 2682 794 2710 ΧΙ,
811 2687 832 2702 e.
851 2684 908 2702 Ᾰιιι.
921 2690 950 2694 -

174 2720 183 2735 ⁸
195 2725 284 2755 theg„
300 2723 404 2754 Moral„
419 2722 463 2746 lib.
479 2721 568 2752 ΧΧΧΙ,
587 2728 608 2743 c.
630 2725 694 2743 xvn.
712 2732 737 2735 —
754 2718 764 2733 ⁹
780 2717 907 2744 Damase.‚
922 2713 951 2736 de

801 218 1112 258 CENTILOQUIUM.

984 288 1118 326 fratres,
1136 288 1174 318 ut
1194 288 1404 328 persequatur
1424 287 1610 328 proximum
1631 291 1762 330 proptor

983 341 1087 383 ipsius
1099 341 1223 373 honum
1237 341 1438 373 contristans.
1463 341 1620 374 Detractio
1638 344 1686 374 est
1704 351 1762 375 vo-

985 395 1093 426 luutas
1105 395 1225 426 famam
1249 395 1471 436 proximorum
1485 404 1544 436 per
1557 396 1658 428 verba
1673 397 1764 429 deni-

987 457 1087 488 graus
1104 473 1114 488 ,
1142 450 1180 480 ut
1204 449 1346 480 destruat
1373 449 1407 480 in
1441 448 1579 481 aliorum
1613 450 1764 491 opinione

987 502 1177 534 contristans
1205 502 1340 534 bonum.
1371 502 1534 535 Exultatio
1561 503 1596 535 in
1622 504 1765 536 adversis

987 556 1212 596 proximorum
1226 558 1273 587 est
1288 555 1436 588 voluntas
1452 559 1624 596 procurata
1643 557 1678 588 in
1694 566 1766 598 pro-

987 609 1068 641 ximi
1080 609 1273 642 adversitate
1289 609 1458 642 delectans.
1476 610 1612 642 Afflictio
1627 611 1662 642 in
1677 611 1766 642 bonis

988 663 1128 704 proximi
1143 665 1191 694 est
1204 662 1351 695 voluntas
1365 672 1543 703 procurans
1564 663 1688 695 malum
1707 673 1767 695 suo

988 716 1144 748 desiderio
1159 740 1169 755 ‚
1194 725 1252 757 per
1277 718 1432 748 eventum
1456 717 1674 758 prosperitatis
1696 726 1768 749 con-

989 770 1097 802 trariae
1112 769 1308 802 defraudata.

1240 878 1410 913 SECTIO
1433 879 1514 914 XX.

1328 961 1366 988 De
1383 961 1440 988 Ira.

1033 1038 1186 1079 Sequitur
1200 1038 1309 1070 videre
1328 1038 1366 1070 de
1392 1039 1439 1070 ira
1463 1041 1622 1079 quantum
1637 1039 1676 1070 ad
1690 1048 1770 1080 qua-

993 1094 1082 1130 tuor,
1101 1092 1220 1123 sellicet
1236 1094 1393 1132 quantun]
1407 1092 1445 1123 ad
1461 1092 1704 1131 diffinitionem,
1718 1101 1773 1132 op-

994 1146 1184 1186 positionem
1193 1169 1202 1184 ,
1220 1145 1413 1177 differentias
1428 1148 1460 1177 et
1476 1145 1568 1176 filias.

1037 1199 1198 1231 Dit'sinitur
1234 1202 1341 1230 autem
1376 1199 1424 1230 ira
1450 1210 1468 1229 a
1495 1198 1680 1230 Cassiodoro
1703 1199 1770 1230 sie:

998 1267 1013 1284 α
1030 1254 1079 1285 lra
1095 1256 1142 1284 est
1156 1253 1254 1284 animi
1272 1256 1376 1284 motus
1391 1253 1566 1284 concitatus
1587 1253 1625 1284 ad
1646 1261 1774 1293 poeuam

995 1316 1173 1348 provocans
1197 1306 1407 1338 inserendam.
1423 1318 1438 1335 n
1462 1306 1489 1337 A
1511 1306 1664 1337 ltabano:
1686 1318 1700 1336 α
1726 1306 1776 1337 Ira

996 1364 1043 1392 est
1059 1361 1164 1391 omnis
1181 1361 1283 1391 malus
1304 1363 1410 1391 motus
1432 1360 1472 1391 ad
1489 1360 1680 1391 nocendum.
1696 1370 1711 1388 n
1727 1359 1776 1391 Ab

998 1415 1182 1455 Augustino
1199 1425 1205 1445 2
1225 1426 1239 1443 «
1262 1414 1311 1444 lra
1327 1416 1373 1444 est
1389 1414 1516 1444 tristitia
1533 1423 1573 1444 ex
1589 1413 1777 1454 impotentia

997 1468 1178 1499 ulciscendi.
1206 1479 1220 1496 »
1250 1467 1276 1498 Α
1302 1467 1495 1498 Daniasceno
1527 1470 1537 1485 ‘³
1568 1478 1574 1497 :
1612 1479 1626 1496 α
1648 1466 1697 1497 lra
1729 1469 1778 1498 est

997 1523 1106 1553 servor
1122 1523 1202 1562 eJuS,
1225 1521 1279 1561 qui
1295 1521 1378 1551 eirca
1393 1530 1447 1551 eor
1463 1523 1521 1559 est,
1540 1520 1720 1560 sauguinis,
1737 1529 1778 1551 ex

998 1575 1225 1616 evaporatione
1255 1574 1335 1605 sellis
1352 1598 1358 1610 ,
1385 1573 1436 1604 vel
1466 1574 1701 1613 perturbatione
1740 1573 1776 1614 (b)

998 1629 1101 1660 fluens
1119 1629 1172 1667 (c).
1190 1639 1203 1656 u
1225 1627 1301 1658 Item
1321 1628 1360 1657 ab
1376 1627 1488 1658 eodem
1511 1627 1555 1657 sie
1572 1627 1592 1646 ¹⁰
1610 1638 1616 1657 :
1637 1638 1652 1656 (ι
1668 1626 1717 1657 Ira
1731 1628 1779 1658 est

1002 1682 1136 1713 rationis
1160 1681 1249 1712 velut
1271 1680 1395 1711 satelles
1418 1683 1449 1711 et
1474 1680 1592 1711 vindex
1612 1680 1780 1720 concupis-

1001 1736 1113 1766 centiae
1132 1735 1186 1775 (d).
1208 1735 1283 1765 ltem
1305 1734 1344 1765 ab
1360 1734 1470 1765 eodem
1491 1745 1497 1764 :
1522 1746 1536 1762 «
1558 1733 1607 1764 Ira
1625 1736 1672 1764 est
1694 1733 1778 1764 desi-

1000 1789 1126 1819 derium
1144 1788 1365 1828 repnnitionis.
1381 1799 1394 1815 n
1405 1787 1431 1818 A
1444 1787 1637 1827 I‘hilosopho
1648 1788 1687 1818 ¹¹:
1705 1787 1780 1817 «Ira

1001 1845 1045 1873 est
1062 1843 1222 1882 appetitus
1244 1842 1397 1872 contrarii
1420 1841 1554 1878 doloris,
1570 1843 1699 1881 propter
1720 1849 1779 1880 ap—

1001 1899 1166 1937 parentem
1191 1895 1481 1932 exanimationem;
1502 1897 1533 1925 et
1552 1895 1709 1935 appetitus
1729 1894 1778 1925 in-

1001 1952 1119 1983 serendi
1148 1951 1290 1982 dolorem
1321 1950 1379 1980 sibi
1409 1950 1590 1981 adversanti
1612 1974 1621 1988 ,
1652 1951 1781 1989 propter

1002 2006 1122 2035 illatam
1150 2004 1303 2043 iujuriam
1326 2005 1533 2043 apparentem
1550 2013 1557 2033 ς
1579 2013 1592 2030 »
1611 2012 1684 2042 quae
1700 2011 1780 2042 quo-

1002 2058 1075 2088 dam
1093 2057 1188 2088 modo
1212 2056 1391 2094 exanimat,
1409 2065 1465 2096 per
1483 2055 1560 2092 hoe,
1577 2055 1662 2095 quod
1676 2054 1782 2086 debito

1002 2111 1112 2142 ordine
1128 2110 1294 2141 hominem
1315 2112 1471 2149 quantum
1487 2109 1526 2140 ad
1539 2109 1697 2149 judicium
1712 2108 1780 2138 aui-

1004 2175 1065 2196 mae
1081 2166 1197 2205 privat.

1044 2219 1143 2250 Habet
1177 2221 1283 2249 autem
1323 2218 1371 2248 ira
1397 2219 1448 2257 (e)
1480 2217 1713 2258 oppositionem
1745 2216 1783 2246 atl

1004 2272 1282 2303 mansuetudinem
1321 2271 1444 2302 ratione
1482 2271 1531 2302 sui
1571 2271 1650 2301 initii
1670 2294 1679 2308 ,
1708 2269 1784 2310 quia

1005 2328 1192 2356 mansuetus
1218 2325 1315 2355 etiam
1348 2334 1515 2365 nunquan]
1545 2324 1615 2355 vult
1646 2323 1784 2362 incipere

1006 2380 1112 2417 irasci3
1134 2379 1179 2419 (s)
1197 2379 1234 2409 ad
1256 2379 1336 2409 iram
1360 2388 1416 2418 per
1435 2378 1550 2415 zelum,
1569 2377 1691 2408 ratione
1712 2385 1782 2406 ma-

1006 2434 1105 2464 teriae.
1122 2432 1203 2463 Sunt
1219 2432 1309 2462 enini
1327 2432 1411 2462 eirca
1431 2431 1577 2462 eamdem
1596 2429 1760 2460 materian]
1775 2454 1782 2467 ‚

1007 2517 1063 2541 Ful.
1083 2516 1195 2542 orthod„
1212 2516 1254 2539 lit».
1275 2517 1311 2546 ll,
1333 2524 1355 2540 r.
1380 2522 1432 2539 ΧΠ,
1450 2530 1478 2532 -
1503 2517 1521 2532 ¹⁰
1538 2515 1598 2539 thid.
1614 2528 1642 2531 —
1663 2516 1679 2531 ¹³
1701 2514 1785 2541 Arist..

1008 2552 1142 2577 lel1ce..lil›.
1163 2553 1192 2580 ll,
1208 2559 1230 2574 e.
1250 2558 1278 2575 ιι.

1039 2603 1068 2633 (ιη
1083 2602 1145 2625 (La-l.
1159 2600 1217 2624 nait.
1229 2600 1386 2624 AEmnlor.-
1399 2600 1432 2631 (h)
1450 2600 1511 2624 wa.
1527 2600 1588 2623 mm.
1604 2598 1785 2623 rettuluatione.

1007 2651 1036 2656 -
1053 2637 1087 2667 (r)
1104 2638 1163 2661 Item
1178 2637 1250 2659 tiens.
1261 2636 1333 2666 —<d)
1349 2636 1407 2659 Item
1424 2635 1448 2659 id
1463 2636 1530 2666 quod
1550 2639 1587 2659 ost
1601 2635 1683 2659 audax
1697 2634 1789 2657 mentis

1007 2672 1235 2703 eouelipiseentiae.
1251 2685 1281 2689 —
1297 2673 1330 2701 (e)
1341 2671 1428 2703 Suppl.
1452 2678 1497 2703 per
1512 2671 1610 2697 vitium.
1624 2684 1654 2688 —
1668 2671 1699 2701 (l)
1711 2670 1786 2700 Supp-

1008 2708 1199 2734 similitudiueui
1210 2713 1280 2731 vero.
