2003 3037
73 1219 94 1240 M
98 1217 148 1254 utri-

58 1255 128 1271 moun

41 1280 148 1303 definitio.

155 168 216 205 328.

155 233 371 272 solemnium
387 241 425 266 ae
437 241 496 274 per
513 232 576 266 hoe
592 241 658 266 non
671 242 691 265 a
703 233 856 274 quolibet,
874 242 933 266 nec

156 287 301 326 cuilibet,
316 295 376 319 nee
395 286 430 318 in
451 286 596 328 quolibet
614 286 700 326 loeo,
716 295 776 319 nee
791 287 935 328 quolibet

155 344 310 382 tempore,
324 340 379 372 sed
393 341 541 382 personis
552 340 718 380 litteratis,
733 341 888 380 honestis,
903 343 935 373 et

156 406 176 428 a
200 394 323 426 eunetis
349 393 644 434 irregularitatibus
666 394 778 428 alienis
787 419 795 434 ,
821 395 934 435 jejuno

156 447 336 487 stomacho,
362 447 432 479 loeo
456 455 564 487 sacro,
586 449 730 489 tempore
756 448 882 487 missae;
904 450 936 480 et

156 501 356 543 temporibus
370 501 411 533 ab
425 501 633 533 ecclesiastico
643 503 719 542 ,inre
737 502 864 534 statutis
879 502 934 534 de-

156 556 234 588 bent
255 554 444 596 hujusmodi
463 554 592 586 ordines
608 555 802 596 dispensari,
823 557 854 587 et
874 555 937 588 hoc

156 609 197 641 ab
212 609 380 650 episcopia
396 608 513 650 quibus
524 611 654 650 propter
668 609 877 640 eminentiam
890 618 938 641 re-

156 664 304 696 servatur
328 662 522 704 dispensatio
542 663 710 702 ordinum,
735 663 937 695 confirmatio

157 724 214 757 per
228 715 466 756 impositionem
481 725 651 756 manuum,
665 717 859 749 consecratio
872 725 938 748 mo-

157 769 293 802 nialium
317 771 348 801 et
368 769 538 810 abbatum,
565 772 596 802 et
615 770 768 802 dedicatio
790 770 936 803 ecelesia-

158 831 250 862 rum,
265 831 340 864 quae
358 825 487 864 propter
507 823 559 856 sui
574 823 789 856 celebritatem
803 833 868 856 non
883 825 937 856 de-

158 876 236 908 hent
245 876 432 918 dispensari,
444 876 505 908 uisi
516 876 556 908 ab
566 877 630 916 his,
642 877 698 918 qui
708 877 828 910 habent
840 886 939 918 praee-

159 929 348 962 minentiam
360 930 534 971 potestatis.

419 1039 561 1074 CAPUT
588 1040 678 1074 XIII.

346 1124 382 1150 De
401 1124 559 1158 integritate
577 1123 759 1151 Matrimonii,

203 1202 246 1233 De
261 1203 460 1233 sacramento
473 1201 671 1233 matrimonii
684 1201 754 1233 haee
767 1202 802 1232 in
814 1210 941 1232 summa

162 1255 300 1288 tenenda
321 1257 412 1293 sunt,
433 1255 518 1296 quod
541 1255 782 1286 matrimonium
804 1257 851 1286 est
865 1263 941 1286 con-

160 1309 284 1351 junctio
305 1308 452 1348 legitima
476 1308 574 1339 maris
597 1309 628 1340 et
656 1308 800 1347 feminae,
826 1309 941 1340 indivi-

164 1363 262 1395 duam
293 1362 368 1394 vitae
393 1362 656 1394 consuetudinem
686 1362 836 1394 retinens.
869 1362 943 1394 Haee

164 1418 273 1449 autem
288 1416 469 1457 conjunctio
482 1425 546 1448 non
561 1416 664 1448 solum
680 1416 738 1447 fuit
753 1418 824 1456 post
838 1425 945 1457 peeca-

164 1473 247 1509 tum,
261 1479 377 1501 verum
393 1469 489 1501 etiam
503 1472 576 1501 ante
591 1471 768 1510 peecatum.
782 1470 843 1501 Sed
857 1470 945 1511 prius

166 1525 348 1556 institutum
363 1524 422 1555 fuit
436 1525 671 1555 sacramentum
686 1524 832 1565 conjugii
847 1525 880 1555 in
895 1525 945 1555 os-

167 1579 295 1616 ficium;
312 1587 397 1609 nunc
411 1579 519 1609 autem
540 1586 606 1609 non
621 1577 725 1609 solum
741 1578 773 1608 iu
788 1578 941 1615 osticium,

167 1641 282 1664 verum
307 1631 403 1663 etiam
426 1632 460 1662 in
476 1632 654 1663 remedium
677 1634 786 1663 contra
809 1632 946 1663 libidinis

171 1686 332 1718 morbum.
358 1685 451 1717 Prius
471 1685 671 1726 significabat
689 1685 946 1725 conjunctionem

170 1741 223 1772 Dei
242 1743 273 1771 et
292 1740 424 1778 animae3
451 1749 538 1771 nune
559 1742 667 1771 autem
690 1742 806 1779 praeter
825 1739 883 1770 hoc
905 1740 948 1769 si-

172 1794 304 1835 gnifieat
319 1794 575 1834 coniunctionem
598 1793 723 1831 Christi,
744 1793 902 1830 Ecclesiae,
919 1795 949 1823 ct

173 1849 312 1880 duarum
326 1849 518 1879 naturarum
534 1847 567 1878 in
583 1846 704 1878 unitate
721 1855 877 1887 personae.
896 1846 949 1876 ln-

172 1902 351 1934 trodueitur
365 1903 473 1933 autem
484 1901 554 1932 haee
567 1902 636 1940 conj
643 1901 750 1931 unctio
764 1901 796 1931 in
811 1909 878 1931 esse
894 1909 950 1940 per

173 1958 310 1989 liberum
347 1965 538 1988 consensum
576 1955 759 1986 animorum
792 1964 832 1985 ex
862 1958 950 1995 parte

173 2011 341 2051 utriusque
366 2018 528 2050 personae,
551 2009 691 2039 exterius
712 2017 899 2047 expressum
919 2008 951 2038 in

174 2064 281 2105 aliquo
301 2063 394 2104 signo
416 2061 557 2094 sensibili
578 2072 585 2093 z
603 2062 821 2093 consummari
844 2063 950 2092 autem

175 2118 271 2149 habet
287 2118 322 2148 in
341 2117 454 2158 copula
473 2115 603 2147 carnali.
621 2115 702 2146 Nam
723 2124 779 2155 per
798 2115 894 2145 verba
915 2115 952 2145 de

175 2170 283 2200 futuro
311 2168 426 2200 dieitur
456 2167 697 2198 matrimonium
728 2166 860 2203 initiari,
898 2175 953 2206 per

175 2224 274 2255 verba
288 2223 326 2254 de
347 2222 494 2263 praesenti
509 2221 676 2258 ratificari,
701 2220 753 2251 sed
771 2229 826 2259 por
840 2228 953 2250 carua-

177 2278 240 2308 lem
255 2277 403 2317 copulam
418 2276 514 2306 habet
533 2274 759 2306 consummari.
779 2273 881 2313 Hujus
897 2283 952 2305 au-

179 2332 243 2361 tem
269 2329 457 2361 sacramenti
473 2330 480 2346 ¹
511 2329 572 2359 tria
600 2331 674 2359 sunt
704 2328 805 2364 bona,
838 2327 955 2358 scilicet

180 2384 269 2422 fideS,
294 2386 324 2414 et
343 2382 465 2423 proles,
488 2384 517 2413 et
542 2383 793 2418 saeramentuni;
822 2383 851 2411 et
875 2381 952 2412 (luo-

181 2437 284 2469 decim
299 2437 525 2477 impedimeuta
542 2444 614 2476 quae
639 2435 815 2474 impediunt
831 2437 953 2465 eontra-

181 2490 336 2528 hendum,
353 2491 383 2520 et
398 2489 552 2521 dirimunt
565 2490 634 2528 jam
651 2489 847 2519 contractum
859 2511 866 2525 ,
884 2497 956 2527 quse

182 2545 215 2575 in
230 2544 280 2575 his
294 2543 441 2575 versibus
456 2543 672 2575 eontinentur:

215 2626 301 2655 Error,
316 2623 443 2653 conditio,
460 2625 548 2647 votum
557 2641 563 2653 ,
579 2623 698 2654 coguatio
706 2641 713 2653 ‚
729 2622 842 2654 crimem

215 2662 301 2685 Cultus
315 2660 457 2692 disparitas,
473 2659 520 2687 vis,
537 2659 609 2687 ordo,
626 2659 745 2689 ligamen,
761 2659 891 2684 honestas

664 197 666 199 .
718 163 985 204 ,Bnnvimomi
1006 165 1109 200 PARS
1119 143 1188 201 ³71ss

1019 235 1047 261 Si
1061 235 1096 261 sis
1110 235 1206 268 affinis,
1224 235 1246 260 si
1258 236 1324 261 forte
1339 236 1410 262 coire
1424 235 1556 268 nequibisg
1632 260 1646 265 ,,

1019 271 1082 296 uaec
1092 271 1214 298 socianda
1225 273 1315 298 vetant
1326 270 1454 304 coniugia,
1461 271 1552 304 juncta
1563 273 1711 306 retractam.

1029 343 1120 376 Ratio
1141 345 1250 376 autem
1272 344 1312 376 ad
1333 342 1581 384 intelligentiam
1598 344 1770 385 praedieto—

989 406 1076 435 rum,
1089 397 1162 429 haee
1173 399 1241 429 est:
1258 397 1335 439 quia
1347 397 1545 438 principium
1557 399 1706 430 nostrum
1719 406 1769 430 re-

989 450 1186 491 parativum‚
1201 450 1345 483 Verbum
1355 451 1473 483 seilicet
1491 451 1715 490 incarnatum,
1730 460 1768 483 eo

989 504 1059 546 ipso
1073 504 1159 545 quod
1177 504 1314 538 Verbum
1328 505 1398 543 Dei,
1413 507 1460 536 est
1473 505 1545 536 fons
1557 504 1722 546 sapientiae
1734 504 1768 537 in

990 558 1138 597 excelsis3
1155 567 1193 591 eo
1209 559 1278 600 ipso
1292 559 1379 600 quod
1396 560 1620 597 incarnatum,
1643 559 1692 590 est
1705 557 1767 590 ele-

992 611 1122 644 mentiae
1136 612 1206 644 fons
1220 612 1255 644 iu
1267 612 1378 645 terris:
1395 614 1428 645 et
1440 612 1512 645 ideo
1526 621 1564 644 eo
1578 613 1646 653 ipso
1657 636 1666 651 ,
1682 612 1770 653 quod

997 664 1131 697 Verbum
1148 665 1338 705 increatum,
1353 668 1401 698 est
1413 666 1548 697 humani
1562 665 1690 706 generis
1706 665 1771 697 for-

994 719 1152 751 mativum
1167 728 1208 750 ex
1222 727 1352 751 summa
1364 720 1588 760 sapientia;·eo
1602 720 1670 761 ipso
1684 719 1771 761 quod

994 773 1198 805 incarnatum
1211 797 1219 812 ,
1247 774 1295 804 est
1327 772 1428 814 ipsius
1458 773 1702 805 reformativum
1730 782 1771 805 ex

994 835 1122 858 summa
1151 827 1318 858 clementia
1338 837 1346 858 ι
1377 826 1448 858 ideo
1477 827 1563 858 enim
1588 826 1771 859 humanum

996 889 1102 920 genus
1124 882 1251 921 reparat
1271 889 1327 921 per
1351 879 1568 919 clementiam,
1588 880 1665 921 quia
1682 880 1773 920 prius

995 934 1171 975 reparabile
1187 935 1259 966 fecit
1282 943 1322 966 ex
1344 934 1517 975 sapientia,
1540 943 1614 974 quae
1634 942 1692 974 pro
1715 942 1774 965 suo

995 997 1125 1020 summo
1139 988 1251 1020 ordine
1265 988 1426 1028 exigebat,
1443 988 1528 1028 quod
1543 997 1647 1028 genus
1661 987 1774 1019 huma-

997 1052 1077 1075 num
1091 1044 1206 1075 faceret
1219 1045 1330 1084 potens
1342 1045 1437 1080 stare,
1450 1044 1562 1083 potens
1573 1041 1648 1080 labi,
1663 1047 1774 1082 potens

997 1097 1093 1128 etiam
1115 1096 1268 1137 reparari,
1293 1096 1375 1127 sieut
1391 1096 1426 1126 in
1448 1094 1700 1136 praecedentibus
1722 1103 1775 1125 os·

997 1153 1125 1182 tensum
1140 1150 1211 1182 suit.
1228 1150 1387 1188 Quoniam
1407 1158 1486 1189 ergo
1503 1148 1645 1181 Verbum
1664 1148 1717 1179 Dei
1742 1148 1776 1178 in

998 1213 1055 1235 sua
1079 1203 1234 1244 sapientia
1255 1203 1421 1234 homiuem
1442 1203 1529 1239 fecit,
1551 1202 1633 1233 sicut
1650 1204 1682 1233 et
1700 1211 1775 1233 con-

1000 1267 1122 1298 gruum
1137 1257 1207 1295 ruit,
1223 1260 1385 1298 potentem
1399 1259 1498 1294 stare,
1515 1256 1638 1294 cadere,
1656 1258 1687 1286 et
1704 1265 1777 1286 sur-

1000 1320 1092 1351 gere3
1117 1311 1192 1341 hinc
1215 1313 1276 1349 est,
1303 1310 1388 1351 quod
1414 1319 1517 1349 genus
1536 1309 1718 1340 humanum
1741 1318 1778 1340 eo

1001 1364 1094 1395 niodo
1110 1363 1358 1404 propagandum
1371 1362 1543 1401 ordinavit,
1555 1362 1640 1402 quod
1654 1370 1695 1393 ex
1711 1362 1779 1402 ipso

1001 1418 1095 1449 modo
1119 1417 1319 1458 propagandi
1338 1416 1484 1454 haberet,
1510 1415 1594 1456 quod
1619 1415 1777 1446 manudu-

1001 1474 1086 1503 neret
1107 1472 1214 1512 ipsum
1238 1471 1275 1501 all
1310 1469 1477 1507 standum3
1509 1468 1640 1499 liaberet
1667 1468 1778 1507 etiam,

1002 1526 1086 1566 quod
1099 1524 1327 1556 manuduccret
1337 1523 1376 1554 ad
1388 1523 1582 1559 remedium;
1595 1523 1676 1554 sicut
1685 1523 1781 1553 etiam

1005 1579 1037 1609 iu
1052 1578 1282 1619 propagatione
1294 1577 1347 1608 illa
1356 1579 1402 1608 est
1415 1576 1534 1617 aliquid
1542 1585 1597 1616 per
1606 1578 1779 1616 peceatum,

1004 1632 1120 1663 seilicet
1146 1632 1258 1670 libido,
1284 1630 1368 1672 quod
1398 1630 1533 1661 traducit
1558 1629 1718 1661 morbum.
1745 1629 1783 1660 Et

1004 1687 1079 1727 qnia
1094 1688 1194 1716 status
1208 1685 1348 1716 hominis
1363 1686 1429 1715 erat
1444 1693 1485 1714 ex
1501 1683 1726 1723 coniunctione
1741 1683 1783 1723 ip-

1005 1739 1071 1770 sius
1086 1739 1203 1769 animae
1218 1738 1256 1769 ad
1273 1738 1372 1768 Deum
1394 1746 1450 1777 per
1464 1745 1608 1767 amorem
1622 1736 1783 1768 unitivum

1006 1793 1100 1824 modo
1116 1793 1302 1831 castissimo,
1319 1791 1475 1831 singulari
1491 1793 1521 1822 ct
1537 1790 1715 1828 individuO,
1732 1799 1781 1821 re-

1007 1847 1149 1878 medium
1176 1846 1323 1878 veniebat
1347 1855 1386 1876 ex
1415 1844 1635 1884 conjunctione
1664 1843 1784 1874 divinae

1007 1903 1130 1931 natura}
1150 1903 1180 1931 et
1201 1900 1353 1931 humanae
1373 1900 1406 1929 in
1426 1898 1582 1929 unitatem
1607 1896 1786 1937 hypostasis

1007 1955 1037 1984 et
1049 1962 1192 1992 personae
1203 1963 1210 1989 ;
1224 1953 1391 1990 unitatem,
1407 1951 1550 1990 inquam,
1563 1949 1671 1980 diviua
1681 1949 1786 1987 gratia

1009 2006 1236 2042 introduct-run,
1255 2007 1291 2036 ut
1310 2004 1511 2043 singularem
1528 2006 1557 2035 ct
1573 2003 1783 2034 individuam.

1010 2059 1089 2090 llinc
1113 2062 1174 2097 est,
1201 2059 1286 2099 quod
1313 2058 1393 2088 Deus
1413 2058 1452 2088 ab
1475 2056 1563 2087 initio
1578 2055 1734 2094 instituit,
1751 2058 1785 2086 ut

1010 2113 1198 2153 propagatio
1222 2113 1311 2142 {ieret
1334 2120 1389 2151 per
1411 2110 1667 2150 conjunctionem
1690 2110 1786 2140 maris

1010 2168 1041 2197 et
1062 2166 1188 2197 seminae
1211 2165 1408 2197 individuam
1427 2168 1457 2195 et
1476 2164 1690 2203 singularem,
1715 2173 1787 2204 quae

1011 2220 1207 2259 significaret
1236 2222 1309 2249 auto
1339 2221 1502 2258 peccatum
1532 2217 1787 2257 conjunctionem

1012 2273 1064 2304 Dei
1082 2276 1110 2304 et
1126 2274 1252 2311 animai,
1270 2282 1325 2303 seu
1340 2272 1403 2309 Dei,
1417 2274 1445 2302 et
1461 2271 1657 2302 subcoelestis
1671 2271 1788 2301 hierar-

1013 2327 1111 2363 chiam
1138 2329 1204 2367 post
1236 2328 1398 2366 peecatum
1428 2334 1504 2356 vero
1533 2324 1787 2364 conjunctionem

1014 2379 1127 2411 Christi
1143 2382 1173 2411 et
1192 2379 1344 2410 humanae
1362 2381 1500 2416 natm-az,
1525 2388 1581 2408 seu
1602 2377 1735 2413 Christi,
1759 2380 1789 2407 et

1014 2433 1181 2464 Ecclesiae:
1206 2435 1236 2463 et
1256 2433 1326 2463 ideo
1348 2432 1517 2471 utrobique
1541 2433 1587 2461 est
1605 2439 1787 2461 sacramen·

1014 2490 1099 2523 tum,
1120 2486 1235 2517 scilieet
1255 2487 1326 2516 aute
1346 2487 1375 2515 et
1398 2487 1482 2525 post,
1505 2484 1575 2514 licet
1597 2484 1658 2514 alio
1679 2487 1709 2514 et
1728 2484 1789 2515 alio

1016 2540 1119 2578 modo,
1133 2541 1290 2580 quantum
1304 2538 1343 2570 ad
1359 2538 1622 2577 significationem
1635 2539 1665 2568 et
1681 2547 1786 2568 usum.

1054 2659 1056 2670 ¹
1076 2659 1148 2686 Aur,
1164 2656 1192 2680 ‹Ic
1209 2656 1267 2679 Gen.
1283 2655 1317 2679 ad
1330 2654 1390 2683 litu,
1407 2654 1449 2677 lili.
1470 2655 1510 2679 lll.
1526 2662 1548 2677 c.
1569 2660 1613 2677 γιι.

1830 2070 1905 2090 Matri-

1801 2101 1898 2121 monium

1815 2138 1853 2152 eui·
1867 2133 1894 2153 ab

1803 2164 1863 2184 initio
1878 2164 1908 2184 iu-

1803 2195 1901 2215 stitutum
