2003 3037
36 1844 132 1866 christus

34 1875 90 1896 liber
110 1875 140 1895 in-

54 1909 87 1927 tus
97 1909 118 1927 et

67 1943 118 1963 soris

40 1974 138 2001 scriptus.

747 207 796 238 DE
819 205 1030 239 GREATURA
1053 206 1190 239 MUNm.

160 275 330 309 invisibile.
347 276 461 308 Datum
479 277 527 308 est
540 275 570 308 ei
590 273 709 315 duplex
724 276 936 315 praeceptum,

160 329 277 361 scilicet
302 332 444 368 naturae,
467 331 498 361 et
524 327 709 369 disciplinae.
738 327 937 368 Praeceptum

159 385 285 415 naturae
301 385 309 401 ¹
328 394 335 415 :
355 384 487 417 Crescite
506 385 534 415 et
550 381 827 422 multiplicamini.
848 381 938 413 Prae-

159 440 287 478 ceptum
299 437 474 478 disciplinae
489 440 521 467 ἐ
539 437 582 468 De
597 436 686 476 liano
706 436 849 468 scientiae
864 436 938 467 boni

159 494 188 524 ec
209 492 289 525 mali
310 501 349 525 ne
367 490 523 524 comedas.
546 490 643 522 Juxta
667 498 740 530 quae
759 489 868 520 datum
891 491 938 520 est

158 546 217 578 sibi
229 546 429 587 quadruplex
435 544 644 586 adjutorium,
658 543 775 574 scilicet
784 542 935 580 scientiae,

158 599 360 631 eonscientiae
371 623 379 639 ,
402 599 593 640 synderesis,
610 600 641 629 et
655 597 785 638 gratiae:
803 606 843 627 ex
864 596 936 636 qui-

157 653 218 684 bus
241 653 433 684 sufficienter
453 652 582 688 habuit,
609 654 646 683 ut
668 653 773 692 posset
795 652 879 682 stare
904 651 937 681 in

157 706 258 746 hono,
281 707 313 738 et
325 707 496 747 proficere;
514 707 544 736 et
560 715 578 736 a
593 705 676 736 malo
691 714 819 744 cavere,
836 707 866 735 et
881 704 936 735 de—

157 759 285 792 clinare.

197 813 289 845 Ratio
311 816 417 845 autem
439 813 478 844 ad
502 812 748 852 intelligentiam
768 811 935 852 praedicto-

155 876 230 898 rum
245 867 316 898 haec
337 869 384 898 est
401 878 407 897 :
426 866 502 907 quia
515 866 655 906 primum
678 865 873 906 principium
888 866 933 896 fe-

155 921 196 951 cit
210 921 368 952 mundum
387 921 484 951 istum
501 919 695 958 sensibilem,
713 919 752 950 ad
768 919 934 950 declaran-

155 974 233 1005 dum
254 975 394 1015 seipsum
407 998 415 1012 ,
434 973 581 1004 videlicet
595 975 630 1003 ut
643 973 739 1003 homo
754 981 811 1012 per
822 972 932 1011 illum,

155 1029 308 1068 tanquam
330 1037 388 1068 per
407 1028 572 1068 speculum
587 1029 618 1058 et
633 1027 821 1066 vestigium,
839 1028 934 1058 redu-

154 1082 280 1112 ceretur
294 1081 328 1111 in
343 1080 444 1112 Deum
460 1081 614 1112 artificem
629 1081 804 1111 amandum
820 1082 851 1111 et
864 1081 934 1112 lau-

154 1134 308 1166 dandum.
326 1134 363 1165 Et
378 1135 552 1166 secundum
565 1135 626 1165 hoc
639 1134 757 1175 duplex
773 1136 820 1165 est
835 1135 932 1166 liber:

154 1199 236 1221 unus
244 1190 361 1221 scilicet
373 1190 509 1230 scriptus
517 1190 616 1228 intus,
629 1190 682 1229 qui
694 1191 740 1220 est
750 1189 804 1220 Dei
815 1191 935 1220 aeterna

155 1252 207 1274 ars
221 1245 252 1274 et
266 1243 440 1284 sapientia;
465 1246 496 1274 et
513 1243 594 1274 alius
616 1243 753 1276 serimus
768 1243 854 1280 foris,
872 1243 932 1273 sci-

155 1297 227 1328 licet
237 1297 377 1328 mundus
388 1297 557 1327 sensibilis.
572 1296 650 1327 Cum
662 1296 764 1335 igitur
778 1299 859 1327 esset
870 1306 935 1328 una

155 1352 311 1388 creatura,
328 1359 401 1390 quae
420 1359 550 1380 sensum
566 1349 703 1380 habebat
721 1349 807 1380 intus
822 1350 861 1380 ad
885 1359 934 1380 co-

155 1404 334 1443 gnitionem
344 1403 418 1434 libri
426 1403 597 1441 interioris,
604 1405 640 1434 ut
648 1403 793 1442 Angelus
804 1414 810 1441 ;
821 1405 852 1434 et
859 1403 932 1441 alia,

155 1466 228 1497 quae
242 1459 346 1487 totum
366 1465 496 1487 sensum
513 1456 649 1487 habebat
668 1456 754 1495 foris,
777 1459 812 1487 ut
836 1457 934 1496 quod—

154 1509 231 1541 libet
246 1509 367 1541 animal
388 1510 521 1540 brutum
537 1520 543 1540 :
562 1510 601 1540 ad
617 1510 842 1550 perfectionem
860 1510 933 1540 uni-

154 1564 312 1594 versitatis
343 1564 454 1595 debuit
479 1564 548 1594 fieri
574 1566 740 1601 creatura,
772 1573 845 1603 quae
873 1564 934 1594 hoc

155 1625 250 1647 sensu
263 1617 379 1656 duplici
395 1618 477 1647 esset
492 1617 636 1656 praedita,
659 1617 699 1646 ad
712 1617 932 1655 coguitionem

154 1669 227 1700 libri
242 1670 349 1709 scripti
371 1670 468 1707 intus,
486 1672 516 1700 et
531 1670 623 1707 foris,
641 1670 672 1700 id
689 1672 736 1700 est
757 1671 930 1710 sapientiae,

155 1725 187 1754 et
200 1723 251 1754 sui
265 1723 380 1763 operis.
397 1723 435 1754 Et
452 1723 527 1763 quia
542 1723 575 1753 in
598 1723 723 1754 Christo
739 1724 836 1754 simul
857 1733 931 1754 con-

155 1777 256 1807 currit
269 1779 388 1807 aeterna
403 1777 570 1817 sapientia,
587 1779 618 1807 et
632 1778 701 1816 ejus
722 1787 804 1817 opus
820 1778 853 1807 in
867 1787 932 1808 una

156 1839 309 1870 persona;
334 1831 404 1862 ideo
428 1831 543 1862 dicitur
557 1832 566 1848 ³
581 1831 659 1863 liber
680 1833 821 1871 scriptus
842 1832 932 1863 intus

156 1887 185 1916 et
205 1885 297 1923 foris,
314 1885 353 1915 ad
375 1885 610 1925 reparationem
635 1885 763 1924 generis
784 1885 928 1916 humani.

155 1938 193 1969 Et
206 1939 283 1978 quia
305 1939 433 1970 cuilibet
448 1940 552 1970 sensui
577 1940 799 1979 correspondet
815 1942 929 1977 motus,

155 1992 226 2022 ideo
246 1992 363 2032 duplex
379 1995 426 2023 est
446 1993 571 2023 homini
587 1993 679 2023 datus
702 1995 807 2023 motus
823 2003 829 2023 τ
847 2002 932 2023 unus

156 2046 332 2077 secundum
362 2047 546 2077 instinctum
572 2046 721 2082 rationis,
748 2046 781 2076 in
804 2049 929 2084 mente3

155 2099 238 2129 alius
253 2100 428 2130 secundum
444 2100 631 2130 instinctum
648 2099 879 2138 sensualitatis,
897 2100 931 2130 in

156 2161 261 2183 carne.
280 2152 381 2183 Primi
396 2156 442 2184 est
463 2154 636 2193 imperare,
652 2154 781 2184 secundi
795 2164 872 2185 vero
885 2157 932 2184 est

157 2206 376 2245 obtemperare
404 2207 580 2236 secundum
612 2209 734 2237 rectum
763 2208 905 2238 ordinem
922 2220 929 2246 ;

157 2259 285 2298 quando
300 2262 407 2290 autem
422 2260 458 2290 lit
477 2269 494 2290 e
509 2269 672 2298 converso,
687 2262 762 2290 tunc
778 2261 932 2291 rectitudo

158 2314 188 2343 et
202 2313 345 2352 regimen
357 2314 473 2344 animae
485 2314 700 2354 praecipitatur
715 2314 752 2344 de
766 2316 849 2344 statu
862 2324 931 2346 suo.

158 2365 196 2397 Et
210 2367 285 2406 quia
307 2368 436 2398 cuilibet
459 2368 559 2398 motui
585 2370 615 2398 et
637 2368 744 2398 sensui
765 2369 933 2408 respondet

157 2421 314 2460 appetitus
341 2421 379 2452 ad
403 2421 530 2461 aliquod
553 2422 694 2459 bonum;
721 2422 791 2452 ideo
814 2422 933 2461 duplex

156 2472 276 2504 bonum
293 2478 508 2515 praeparatum
531 2478 576 2506 est
595 2476 734 2513 homini,
752 2485 854 2506 unum
870 2476 932 2506 sci-

156 2525 228 2556 licet
250 2527 390 2565 visibile,
416 2530 446 2559 et
469 2528 605 2559 alterum
630 2528 806 2566 invisibile3
830 2539 931 2559 uuum

156 2580 340 2620 temporale,
358 2584 388 2612 et
402 2581 489 2613 aliud
512 2585 686 2620 aeternum,
712 2591 814 2612 unum
830 2582 930 2619 carni,

190 2658 198 2675 ¹
215 2659 287 2690 Gen„
305 2666 327 2691 1,
342 2662 381 2685 28.
396 2675 426 2680 —-
440 2663 451 2678 ²
469 2663 540 2694 Gen„
555 2665 692 2692 11,17.-—
710 2664 720 2680 ³
736 2662 835 2692 Ezeeh„
853 2669 889 2693 11,
904 2665 932 2694 93

156 2693 240 2726 apoc„
255 2702 281 2725 v,
295 2698 315 2720 1.

1715 215 1775 245 269

993 277 1025 305 et
1034 274 1171 306 alterum
1183 275 1321 315 spiritui.
1339 277 1385 308 Ex
1398 277 1450 309 his
1463 280 1572 311 autem
1587 280 1680 312 bonis
1691 279 1774 312 Deus

994 338 1095 359 unum
1120 329 1222 367 dedit,
1257 329 1394 361 alterum
1424 333 1588 372 promisit,
1612 335 1649 365 ut
1670 342 1772 365 unum

994 382 1096 421 gratis
1114 382 1339 422 possideretur,
1363 384 1499 416 alterum
1513 395 1590 417 vero
1605 396 1662 427 per
1680 387 1774 418 meri-

992 437 1062 466 tum
1086 436 1317 476 acquireretur.
1342 436 1379 468 Et
1405 438 1481 478 quia
1508 439 1626 471 frustra
1649 441 1772 472 bonum

992 489 1096 527 datur,
1119 489 1181 520 nisi
1197 490 1410 531 custodiatur3
1426 492 1544 524 frustra
1563 494 1770 534 promittitur,

991 542 1053 573 nisi
1067 542 1107 574 ad
1121 543 1229 582 ipsum
1244 544 1450 583 perveniatur
1465 557 1471 576 ε
1491 546 1562 578 ideo
1576 547 1697 588 duplex
1712 547 1773 578 fuit

991 598 1186 636 praeceptum
1198 597 1320 628 homini
1335 598 1456 637 datum,
1470 599 1587 631 scilicet
1602 610 1702 632 unum
1714 610 1771 632 na-

992 651 1074 681 turae
1090 650 1129 682 ad
1144 651 1390 683 custodiendum
1403 653 1525 684 bonum
1540 655 1668 693 datum,
1685 655 1770 686 aliud

991 703 1165 744 disciplinae
1180 704 1220 735 ad
1232 706 1481 744 promerendum
1496 707 1618 739 bonum
1634 708 1771 749 promis-

991 766 1076 794 sum,
1102 758 1187 798 quod
1202 758 1292 789 nullo
1310 759 1403 790 modo
1427 762 1551 800 poterat
1568 763 1683 793 mereri
1707 771 1772 794 me-

989 810 1068 849 lius,
1090 820 1187 851 quam
1212 821 1268 852 per
1293 821 1415 844 meram
1437 815 1662 846 obedientiam.
1689 816 1769 848 Obe-

990 864 1109 895 dientia
1126 867 1234 896 autem
1252 876 1340 897 mera
1354 869 1412 905 est,
1430 869 1558 908 quando
1572 872 1770 910 praeceptum

990 928 1030 949 ex
1042 928 1075 950 se
1092 920 1158 951 solo
1174 920 1306 959 obligat,
1324 930 1388 951 non
1405 931 1444 952 ex
1458 922 1565 962 aliqua
1580 932 1674 954 causa
1688 924 1768 955 alia:

989 975 1020 1003 et
1036 973 1097 1004 tale
1120 974 1237 1004 dicitur
1259 977 1451 1014 praeceptum
1467 976 1669 1017 disciplinoe,
1695 978 1771 1018 quia

990 1035 1047 1065 per
1062 1026 1169 1063 ipsum
1181 1027 1315 1058 discitur
1325 1031 1446 1068 (planta
1457 1030 1497 1060 sit
1507 1030 1610 1060 virtus
1624 1030 1771 1061 obedien-

990 1080 1061 1118 tiae,
1088 1089 1161 1120 quae
1178 1090 1236 1112 suo
1261 1082 1374 1113 merito
1389 1083 1476 1114 ducit
1497 1084 1536 1114 ad
1553 1084 1685 1122 coelum,
1711 1093 1770 1115 suo

989 1136 1097 1165 autem
1109 1135 1263 1166 demerito
1280 1136 1455 1176 praecipitat
1466 1137 1498 1167 in
1511 1137 1684 1169 infernum.
1700 1137 1770 1169 Non

989 1197 1068 1227 ergo
1080 1188 1190 1219 datum
1207 1192 1255 1219 est
1269 1189 1346 1220 illud
1362 1191 1551 1222 mandatum
1562 1192 1684 1223 homini
1699 1201 1771 1233 pro—

988 1243 1060 1281 pter
1074 1242 1287 1281 indigentiam
1303 1243 1456 1284 aliquam,
1469 1255 1566 1285 quam
1582 1246 1665 1277 Deus
1677 1247 1771 1277 hahe-

989 1297 1035 1326 ret
1059 1295 1097 1326 de
1126 1296 1270 1327 humano
1293 1298 1461 1338 obsequi03
1493 1300 1545 1330 sed
1570 1300 1606 1330 ad
1632 1300 1770 1331 dandam

988 1349 1075 1380 viam
1091 1350 1232 1380 merendi
1248 1360 1399 1382 coronam
1416 1362 1472 1392 per
1483 1363 1604 1384 meram
1616 1356 1645 1385 et
1659 1355 1771 1386 volun-

988 1404 1101 1434 tariam
1120 1404 1342 1436 obedientiam.

1031 1457 1068 1488 Et
1091 1458 1244 1497 quoniam
1270 1459 1381 1498 homo,
1405 1461 1526 1492 ratione
1545 1463 1669 1493 naturae
1685 1462 1768 1494 dese-

988 1510 1080 1541 ctivae
1104 1520 1144 1541 ex
1167 1511 1269 1542 nihilo
1292 1512 1453 1551 formatae,
1480 1524 1537 1545 nec
1558 1525 1615 1555 per
1631 1516 1768 1555 gloriani

988 1565 1203 1600 confirmatae,
1222 1567 1344 1604 poterat
1365 1567 1491 1604 cadere3
1516 1568 1769 1607 benignissimus

988 1618 1070 1649 Deus
1085 1620 1286 1660 quadruplex
1297 1621 1431 1652 contulit
1445 1622 1471 1652 ei
1489 1623 1698 1663 adjutorium,
1710 1625 1768 1655 sci-

1786 830 1894 852 obedien-

1787 859 1814 878 tia
1827 866 1892 881 mera.

1783 1641 1881 1665 Qua-'ltu-

987 1672 1059 1703 licet
1074 1673 1194 1713 duplex
1217 1677 1357 1711 naturae,
1375 1678 1406 1705 et
1421 1675 1539 1715 duplex
1559 1677 1682 1715 gratiae.
1702 1678 1765 1708 Du·
1783 1674 1831 1709 1¹¹⁰*
1844 1675 1879 1694 ³¹¹·

988 1727 1102 1766 plicem
1126 1727 1211 1758 enim
1229 1728 1343 1758 indidit
1358 1729 1578 1760 rectitudinem
1598 1731 1657 1770 ipsi
1672 1734 1766 1762 natu-

988 1790 1032 1811 rae
1050 1790 1057 1811 :
1074 1781 1218 1811 videlicet
1234 1791 1332 1812 unam
1350 1782 1388 1812 ad
1404 1785 1486 1813 recte
1497 1784 1721 1823 judicandum,
1738 1788 1769 1816 et

988 1834 1057 1865 haec
1068 1837 1115 1865 est
1128 1835 1282 1866 rectitudo
1293 1835 1506 1874 conscientiae3
1522 1837 1619 1868 aliam
1633 1838 1670 1868 ad
1683 1841 1768 1869 recte

990 1888 1181 1926 volendum,
1198 1890 1228 1918 et
1251 1889 1321 1919 haec
1335 1893 1381 1919 est
1401 1891 1556 1921 rectitudo
1577 1892 1767 1931 synderesis,

989 1932 1082 1982 cuius
1107 1944 1155 1973 est
1178 1952 1419 1974 remurmurare
1443 1947 1552 1975 contra
1577 1945 1713 1983 malum,
1738 1949 1768 1977 et

1778 1713 1787 1733 J
1807 1707 1882 1726 laium

1796 1744 1807 1757 a
1831 1738 1875 1757 Duo

1794 1770 1874 1789 datum.

988 1995 1154 2026 stimulare
1170 1996 1207 2026 ad
1225 1997 1358 2028 bouum.
1376 1997 1540 2038 Duplicem
1551 1999 1646 2029 etiam
1661 2008 1769 2039 super·
1787 2027 1829 2041 A„
1849 2026 1871 2039 m.
1888 2030 1895 2033 .

988 2049 1074 2079 addit
1100 2050 1324 2089 perfectionem
1357 2052 1471 2090 gratiae
1496 2063 1501 2083 z

989 2104 1091 2142 gratis
1105 2104 1197 2142 datae,
1215 2114 1288 2144 quae
1300 2105 1359 2135 fuit
1375 2106 1505 2136 scientia
1521 2107 1708 2137 illuminans
1724 2107 1770 2137 in-

988 2157 1150 2187 tellectum
1183 2158 1222 2188 ad
1254 2160 1516 2197 cognoscendum
1548 2160 1706 2199 seipsum,
1741 2163 1771 2190 et

989 2209 1091 2239 Deum
1114 2220 1220 2247 suum,
1238 2214 1268 2241 et
1286 2212 1444 2242 mundum
1461 2212 1568 2250 istum,
1593 2213 1649 2252 qui
1672 2214 1770 2244 factus

990 2262 1092 2292 suerat
1124 2266 1252 2303 propter
1283 2264 1405 2303 ipsum3
1430 2264 1523 2295 aliam
1554 2275 1631 2296 vero
1656 2268 1769 2306 gratiae

991 2318 1121 2353 gratum
1145 2317 1298 2355 facientis,
1317 2327 1389 2357 quae
1412 2318 1471 2348 fuit
1495 2319 1634 2350 charitas
1650 2320 1765 2350 habili-

989 2370 1058 2398 tans
1081 2370 1231 2400 affectum
1260 2371 1299 2400 ad
1323 2370 1522 2410 diligendum
1548 2372 1648 2403 Deum
1674 2384 1770 2414 super

989 2423 1116 2462 omnia,
1134 2426 1165 2454 et
1186 2424 1371 2463 proximum
1387 2425 1468 2455 sicut
1493 2426 1645 2466 seipsum.
1673 2427 1710 2458 Et
1726 2429 1779 2459 sic-

990 2479 1063 2507 ante
1076 2477 1199 2517 lapsum
1215 2478 1312 2508 homo
1324 2479 1460 2517 perfecta
1470 2479 1584 2511 habuit
1598 2481 1766 2520 naturaIIa‚

990 2531 1201 2569 supervestita
1222 2531 1433 2561 nihilominus
1453 2533 1557 2570 gratia
1581 2533 1700 2565 divina.
1722 2534 1769 2564 Ex

989 2593 1054 2623 quo
1066 2585 1230 2616 manifeste
1245 2585 1416 2624 colligitur,
1428 2587 1512 2625 quod
1527 2587 1552 2617 si
1565 2588 1687 2626 cecidit,
1704 2597 1768 2617 non

990 2637 1118 2669 aliunde
1137 2638 1208 2676 suit,
1225 2638 1288 2668 nisi
1303 2647 1342 2669 ex
1358 2648 1416 2669 sua
1429 2639 1535 2680 culpa,
1551 2641 1627 2680 quia
1641 2641 1769 2671 obedire

990 2691 1189 2730 contempsit.

1529 2062 1628 2083 unam
1654 2054 1768 2092 gratiae
1795 2060 1864 2104 551311

1852 2053 1884 2072 l’li-
