2003 3037
59 1558 125 1578 Com-

41 1587 108 1608 motio
116 1589 147 1608 to-

41 1619 84 1639 tius
90 1624 148 1639 creu-

43 1648 96 1667 turae
104 1647 147 1667 fine

43 1677 126 1698 mundi.

685 192 735 225 DE
756 191 886 224 STATU
909 190 1066 223 FlNALlS
1088 189 1236 222 JUDlCll.

156 265 283 302 torum,
310 263 381 294 haec
405 264 473 294 est:
503 261 579 303 quia
600 260 793 302 principium
821 269 931 291 rerum

156 318 352 355 universale,
368 326 443 349 cum
461 316 502 348 sit
520 315 807 356 sapientissimum,
825 314 884 346 etsi
899 314 933 345 in

156 371 324 409 omnibus,
346 379 420 411 quae
443 369 527 410 agit,
553 368 686 399 attendit
709 368 855 399 ordinem
879 376 932 398 sa-

157 424 295 464 pientiae,
311 424 477 464 potissime
491 421 646 455 tamenin
659 421 710 452 his
724 421 817 452 debet
830 422 933 451 atten-

157 478 231 510 dere
246 487 320 518 quae
335 478 478 518 spectant
491 476 532 508 ad
546 475 856 506 consummationem
871 484 878 504 :
898 475 934 504 ut

156 531 200 562 sic
220 540 284 562 non
303 530 458 563 discordet
469 529 612 570 primum
626 537 645 559 a
659 527 781 567 medio,
796 536 854 558 nec
869 536 934 557 me-

157 585 246 616 dium
260 594 280 616 a
298 587 480 626 postrem03
495 582 598 614 sedin
618 582 741 613 cunctis
756 589 934 620 congruen-

157 639 278 670 tissime
297 637 450 669 ordinatis
465 637 615 676 appareat
630 635 715 666 illius
738 634 834 675 primi
850 634 934 674 prin-

158 692 232 732 cipii
265 690 420 731 sapientia
448 689 618 728 ordinarie,
654 690 685 720 et
725 688 849 719 bonitas
865 712 873 726 ,
905 689 935 718 et

158 745 301 776 altitudo.
335 743 493 781 Quoniam
527 751 605 782 ergo
640 741 723 773 Deus
759 741 934 772 secundum

159 798 347 839 sapientiam
373 806 466 828 suam
492 796 760 827 ordinatissimam
786 797 935 826 cunctum

159 853 317 884 mundum
336 852 434 882 istum
453 850 635 881 sensibilem
650 853 680 880 et
695 851 850 889 majorem
866 849 937 879 fecit

159 909 287 947 propter
311 905 470 937 mundum
492 904 670 942 minorem,
698 903 815 934 scilicet
836 903 938 934 homi-

159 969 246 998 nem,
263 959 319 1000 qui
338 959 420 989 inter
436 958 546 996 Deum,
564 959 595 988 et
607 966 658 988 res
672 957 748 987 istas
760 956 935 994 inferiores,

160 1013 192 1043 in
216 1013 320 1043 medio
341 1011 511 1043 collocatus
530 1013 598 1041 est:
621 1010 696 1040 hinc
716 1011 776 1048 est,
796 1009 879 1049 quod
902 1011 938 1039 ut

159 1065 267 1096 onmia
281 1065 341 1096 sibi
363 1065 501 1096 invicem
523 1065 720 1102 congruant,
739 1064 770 1093 et
784 1062 937 1092 habitatio

160 1128 233 1150 cum
247 1118 425 1149 habitatore
438 1118 555 1148 habeat
568 1116 789 1154 harmoniam,
806 1115 938 1146 homine

160 1172 241 1202 bene
260 1171 405 1202 instituto
417 1195 425 1210 ‚
442 1170 551 1201 debuit
566 1170 706 1201 mundus
726 1169 785 1200 iste
806 1169 839 1199 in
854 1169 937 1199 bono

159 1227 190 1255 et
212 1226 321 1265 quieto
350 1226 434 1254 statu
465 1223 608 1261 institui;
636 1222 765 1253 homine
793 1222 935 1259 labente,

160 1278 269 1309 debuit
291 1278 387 1309 etiam
407 1277 547 1308 mundus
571 1276 629 1307 iste
650 1276 831 1307 deteriorari
843 1286 850 1313 ;
876 1275 937 1305 ho-

161 1332 247 1362 mine
261 1331 458 1371 perturbato,
471 1330 581 1361 debuit
596 1329 777 1370 perturbari
788 1340 795 1367 ;
808 1328 939 1359 homine

160 1385 360 1424 expurgato,
375 1383 487 1414 debuit
510 1382 708 1423 expurgari,
736 1382 867 1413 homine
888 1382 938 1411 in-

161 1439 296 1474 novato,
321 1436 429 1467 debuit
455 1436 621 1475 innovari;
648 1437 681 1466 et
706 1435 836 1466 homine
862 1444 935 1466 con-

160 1492 320 1521 summato
329 1513 339 1528 ,
363 1489 474 1520 debuit
488 1489 634 1529 quietari.

202 1543 308 1574 Primo
320 1552 410 1582 ergo,
425 1543 579 1582 quoniam
595 1542 735 1573 mundus
746 1542 798 1572 ille
813 1544 937 1582 pertur-

161 1597 230 1627 bari
252 1597 361 1635 debet,
381 1596 512 1627 homine
535 1595 736 1635 perturbato,
753 1595 834 1625 sicut
855 1595 940 1625 stetit

162 1659 235 1680 cum
264 1651 376 1686 stante,
402 1651 433 1679 et
463 1648 699 1688 quodammodo
728 1648 836 1679 cecidit
865 1657 939 1679 cum

162 1703 304 1741 labente3
323 1704 354 1733 et
367 1702 402 1732 in
415 1702 522 1732 futuro
529 1701 662 1741 Judicio,
675 1703 803 1741 propter
819 1702 937 1732 severi-

163 1758 260 1787 tatem
270 1756 386 1796 ,iudicis
401 1755 646 1793 ostendendam,
663 1763 790 1785 necesse
809 1759 854 1785 est
869 1763 940 1785 oin-

164 1810 255 1840 nium
270 1809 365 1840 corda
379 1808 504 1846 terreri,
519 1810 550 1838 et
565 1810 767 1848 peccatorum
784 1808 938 1846 maxime,

164 1863 219 1902 qui
233 1862 458 1894 universorum
472 1861 646 1892 Dominum
662 1863 936 1901 contempserunt:

165 1918 200 1946 ut
215 1916 259 1946 sic
279 1916 384 1947 omnis
405 1917 551 1946 creatura
571 1914 716 1945 divinum
737 1915 868 1955 accipiat
889 1924 938 1946 ze-

165 1970 254 2008 lum,
271 1971 303 2000 et
325 1969 539 2000 conformetur
562 1969 703 2006 auctori,
726 1969 942 1999 conformetur

166 2024 262 2054 etiam
288 2022 477 2060 habitatori,
503 2031 629 2053 necesse
658 2025 705 2053 est
732 2023 827 2053 totius
854 2023 942 2054 orbis

167 2076 309 2107 cardines
327 2075 569 2106 horrIbilissime
590 2076 797 2107 commoveri.
815 2075 853 2107 Et
867 2077 943 2116 quia

168 2129 248 2159 nihil
262 2129 427 2167 intensius,
444 2132 475 2160 et
489 2129 630 2160 velocius
634 2153 644 2168 ,
663 2131 693 2160 et
708 2129 894 2161 horribilius
909 2133 943 2160 in

169 2181 294 2221 agendo
329 2184 510 2213 commovet
543 2181 606 2212 alia
638 2182 814 2220 elementa,
846 2192 942 2222 quam

169 2235 256 2274 ignis
278 2235 354 2265 hinc
375 2235 448 2265 inde
469 2244 509 2265 ex
524 2235 612 2265 omni
627 2237 716 2274 parte
731 2244 942 2273 coucurrens3

171 2288 245 2318 hinc
258 2290 315 2326 est,
334 2287 419 2327 quod
433 2297 561 2318 necesse
576 2290 633 2326 est,
650 2288 733 2327 quod
747 2288 845 2328 ipsius
856 2288 945 2328 judi-

171 2341 216 2371 cis
227 2341 339 2372 faciem
353 2341 439 2380 ignis
454 2341 629 2381 praecedat,
644 2350 710 2371 non
724 2349 764 2372 ex
776 2351 842 2372 una
856 2343 945 2381 parte

173 2397 308 2433 tantum,
325 2395 378 2426 sed
394 2404 434 2425 ex
449 2395 536 2425 omni
551 2396 640 2434 parte
658 2395 782 2431 mundi,
800 2398 834 2425 ut
847 2395 886 2425 sit
901 2395 945 2425 ibi

174 2456 347 2478 concursus
368 2447 457 2486 ignis
477 2447 699 2485 elementaris,
715 2452 746 2478 et
768 2449 924 2479 terrestris
935 2459 943 2485 ;

174 2499 259 2538 ignis
273 2501 462 2539 purgatorii,
480 2502 511 2531 et
523 2501 618 2531 etiam
637 2501 800 2532 infernalis
817 2512 823 2532 z
840 2504 876 2532 ut
891 2511 947 2541 per

175 2552 376 2592 infernalem,
392 2554 519 2594 reprobi
537 2554 732 2592 adurantur3
753 2563 810 2594 per
824 2564 945 2594 purga-

176 2605 313 2643 torium,
334 2607 411 2645 ‚iusti
432 2609 629 2647 purgentur,
659 2616 715 2647 per
742 2609 924 2639 terrestrem
938 2632 945 2646 ‚

177 2657 246 2689 haec
262 2661 355 2690 terrae
369 2661 528 2691 nascentia
543 2663 773 2692 consumantur
785 2673 792 2699 3
810 2671 865 2702 per
883 2662 946 2692 ele-

1708 191 1766 220 ³:35

989 260 1183 296 mentarem,
1200 257 1355 288 elementa
1375 256 1598 295 subtilientur,
1614 258 1645 287 et
1661 256 1699 287 ad
1716 256 1764 287 in-

990 311 1172 344 novationis
1181 310 1294 342 faciem
1309 310 1531 351 disponantur,
1543 312 1574 341 et
1584 309 1680 341 simul
1692 319 1766 341 cum

990 366 1050 397 hoc
1065 366 1180 396 caetera
1193 363 1440 402 conturbentur,
1461 366 1574 394 utnon
1588 363 1692 394 solum
1706 363 1765 394 ho-

990 419 1106 457 mines,
1130 419 1161 449 et·
1190 418 1371 455 daemones,
1399 426 1512 448 verum
1541 417 1636 448 etiam
1659 417 1767 457 angeli

991 472 1135 503 videntes
1150 472 1343 502 terreantur.

1031 524 1174 563 Rursus,
1202 524 1354 564 quoniam
1378 524 1519 555 mundus
1546 524 1604 555 iste
1633 525 1769 564 purgari

991 578 1082 609 debet
1106 587 1181 608 cum
1205 577 1334 608 homine
1356 579 1557 617 expurgato,
1574 580 1605 608 et
1625 577 1722 609 homo
1735 578 1769 608 in

991 633 1076 662 statu
1089 630 1195 662 finalis
1210 630 1363 671 temporis
1378 630 1502 670 indiget
1517 631 1653 671 purgari
1667 640 1686 662 a
1700 639 1770 662 sco-

991 685 1040 716 ria
1053 685 1197 716 avaritiae
1214 687 1245 715 et
1260 684 1407 723 malitiae,
1424 685 1505 716 sicut
1520 685 1552 715 in
1567 685 1672 725 primo
1687 686 1768 715 tem-

992 747 1068 778 pore
1082 747 1101 769 a
1115 738 1192 769 faece
1206 738 1365 776 luxuriae3
1384 738 1509 778 indiget
1524 739 1619 769 etiam
1635 738 1770 778 purgari

993 793 1024 822 et
1038 791 1200 829 velociter,
1217 793 1248 822 et
1262 791 1387 828 intime,
1403 793 1434 822 et
1449 792 1604 831 perfecte:
1621 791 1697 822 hinc
1710 793 1768 828 est,

993 845 1078 885 quod
1105 845 1186 876 sieut
1214 845 1353 877 mundus
1382 845 1470 885 prius
1497 845 1620 876 deletus
1644 847 1710 884 est,
1740 848 1771 876 et

993 899 1131 939 quodam
1162 899 1256 930 modo
1281 901 1441 939 purgatus
1452 923 1461 937 ,
1491 908 1548 939 per
1576 898 1770 930 elementum

993 962 1098 993 aquae,
1115 953 1200 993 quod
1212 955 1258 983 est
1271 953 1439 992 frigidum,
1457 954 1565 983 contra
1578 952 1725 983 ardorem
1741 955 1772 982 et

994 1006 1137 1037 foetorem
1162 1006 1322 1044 luxuriae3
1347 1006 1392 1036 sic
1415 1005 1520 1036 finalis
1549 1006 1690 1036 mundus
1715 1014 1772 1045 per

994 1060 1103 1099 ignem
1115 1083 1125 1097 ,
1158 1061 1288 1099 propter
1316 1059 1522 1098 refrigerium
1550 1059 1713 1089 charitatis
1742 1060 1773 1089 et

994 1112 1098 1151 frigus
1112 1112 1243 1143 malitiae
1260 1113 1291 1142 et
1309 1112 1474 1150 avarItiae,
1498 1121 1570 1151 quae
1590 1101 1772 1151 regnabunt

994 1165 1028 1195 in
1040 1166 1104 1196 fine
1119 1165 1209 1205 quasi
1222 1165 1256 1195 in
1268 1165 1370 1205 ipsius
1385 1165 1496 1195 mundi
1510 1167 1681 1196 senectute.
1695 1165 1772 1202 Quae

994 1219 1070 1258 quia
1084 1218 1236 1249 maximae
1255 1220 1331 1249 sunt
1352 1217 1568 1256 adhaerentiae,
1586 1227 1713 1249 necesse
1728 1221 1774 1249 est

994 1272 1080 1312 quod
1096 1281 1239 1312 purgans
1255 1272 1296 1302 sit
1314 1272 1448 1303 actionis
1467 1271 1589 1302 intimae
1599 1295 1608 1310 ,
1626 1271 1773 1303 violentae

994 1328 1026 1357 et
1042 1326 1222 1357 acceleratae
1244 1337 1251 1356 ε
1273 1326 1358 1366 quod
1373 1335 1437 1356 non
1464 1325 1621 1365 contingit
1641 1325 1773 1365 reperiri

995 1380 1028 1410 in
1045 1380 1202 1411 elemento
1215 1377 1288 1418 alio,
1303 1389 1401 1419 quam
1413 1379 1445 1409 in
1458 1379 1546 1418 igne.
1559 1378 1598 1409 Et
1608 1379 1678 1410 ideo
1692 1379 1774 1410 sicut

994 1434 1113 1464 factum
1129 1435 1176 1463 est
1190 1442 1349 1473 aquarum
1370 1432 1578 1463 inundatione
1601 1432 1770 1471 diluvium,

995 1487 1039 1517 sic
1051 1496 1107 1526 per
1118 1486 1273 1517 actionem
1286 1486 1374 1525 ignis
1387 1486 1498 1517 mundi
1511 1486 1668 1517 sensibilis
1679 1487 1774 1517 facies

995 1543 1160 1573 exuretur.

1035 1595 1194 1634 Amplius,
1214 1594 1368 1634 quoniam
1391 1595 1531 1625 mundus
1552 1595 1604 1625 ille
1626 1595 1773 1626 innovari

995 1649 1086 1679 debet
1109 1658 1183 1679 cum
1206 1648 1336 1679 homine
1360 1648 1533 1687 innovato,
1551 1658 1609 1679 nec
1624 1648 1772 1679 innovari

995 1704 1097 1741 potest
1111 1701 1232 1741 aliquid
1246 1701 1279 1732 in
1291 1710 1410 1733 novam
1425 1701 1574 1739 formam,
1587 1702 1648 1732 nisi
1662 1701 1772 1741 perdat

995 1757 1173 1794 vetustam,
1189 1758 1220 1786 et
1235 1755 1374 1795 quodam
1395 1755 1489 1786 modo
1508 1755 1693 1795 disponatur
1707 1755 1773 1785 dis-

995 1807 1150 1847 positione
1165 1816 1250 1837 nova
1265 1806 1511 1846 superinducta:
1526 1806 1602 1836 hinc
1615 1808 1672 1844 est,
1688 1805 1773 1845 quod

996 1870 1071 1891 cum
1085 1860 1172 1899 ignis
1195 1860 1335 1890 maxime
1355 1859 1471 1890 habeat
1491 1860 1643 1890 virtutem
1659 1859 1770 1898 expul-

997 1914 1099 1945 sivam
1120 1914 1231 1944 formae
1255 1913 1414 1944 extraneae
1426 1937 1436 1951 ,
1452 1913 1566 1944 habeat
1589 1913 1686 1943 etiam
1706 1913 1772 1943 vim

997 1967 1252 2005 subtilitativam,
1268 1968 1299 1997 et
1313 1966 1430 1997 coelesti
1442 1969 1567 1997 naturae
1581 1968 1771 2006 cognatam:

997 2020 1067 2051 ideo
1079 2029 1134 2060 per
1148 2020 1255 2060 ipsum
1271 2020 1363 2050 debet
1380 2020 1450 2050 fieri
1466 2020 1616 2060 purgatio
1632 2019 1730 2050 simul
1744 2021 1775 2050 et

998 2073 1177 2112 innovatio,
1194 2073 1237 2104 ita
1259 2073 1343 2113 quod
1355 2097 1362 2111 ,
1379 2082 1449 2104 cum
1476 2074 1639 2113 geminam
1660 2073 1776 2103 babeat

998 2127 1181 2166 efficaciam,
1196 2129 1354 2166 quantum
1369 2127 1408 2157 ad
1423 2127 1575 2167 aliquam,
1589 2127 1705 2167 judicis
1720 2127 1776 2157 ad-

999 2183 1133 2211 ventum
1153 2180 1311 2220 praecedet
1337 2181 1375 2219 (a)
1389 2204 1397 2218 ,
1421 2183 1578 2220 quantum
1604 2184 1712 2212 autem
1736 2180 1775 2211 ad

999 2233 1172 2272 reliquam,
1188 2233 1284 2263 habet
1298 2233 1397 2272 sequi.
1419 2233 1456 2264 Et
1472 2243 1545 2264 cum
1559 2234 1722 2265 innovatio
1736 2234 1776 2263 sit

1000 2286 1039 2316 ad
1063 2286 1256 2324 novitatem,
1285 2294 1357 2325 quae
1381 2287 1518 2326 amplius
1542 2296 1605 2317 non
1630 2287 1711 2317 redit
1735 2286 1775 2317 ad

1000 2342 1205 2376 vetustatem3
1224 2349 1260 2371 ac
1274 2349 1330 2380 per
1347 2340 1407 2370 hoc
1423 2341 1461 2371 ad
1481 2341 1655 2373 novitatem
1670 2341 1776 2371 incor-

1819 1127 1893 1148 Avari-

1787 1158 1816 1178 tin
1822 1159 1844 1178 et
1850 1163 1893 1177 ma-

1796 1189 1843 1210 litia
1862 1190 1882 1209 in

1802 1229 1878 1243 senec<

1821 1256 1866 1274 tute

1788 1285 1871 1305 muudi.

1816 1615 1893 1635 Mundi

1797 1652 1885 1667 innova-

1787 1678 1825 1698 tio.

1000 2393 1183 2433 ruptibilem
1195 2417 1203 2430 ,
1220 2402 1318 2432 quam
1333 2393 1409 2424 dare
1430 2403 1494 2424 non
1518 2397 1563 2425 est
1583 2395 1617 2424 in
1636 2394 1776 2434 potentia
1809 2418 1812 2420 v

1002 2448 1140 2486 alicuius
1161 2449 1315 2477 creaturae
1333 2457 1339 2475 ε
1363 2446 1439 2477 hinc
1453 2449 1516 2485 est,
1542 2447 1626 2487 quod
1650 2447 1721 2478 licet
1742 2448 1776 2477 in

1001 2501 1055 2531 illa
1068 2500 1261 2540 purgatione
1276 2502 1306 2530 et
1318 2500 1536 2539 innovatione,
1556 2501 1642 2540 ignis
1657 2500 1776 2540 aliquId

1002 2557 1079 2593 agat
1102 2562 1158 2594 per
1186 2553 1364 2583 naturalem
1388 2553 1558 2591 virtutem,
1588 2557 1624 2584 ut
1648 2554 1774 2584 inflam-

1002 2617 1108 2646 mare,
1134 2615 1296 2647 purgare,
1321 2607 1511 2646 rarefacere,
1536 2610 1566 2638 et
1590 2607 1752 2638 subtiliare
1765 2618 1773 2644 5

1036 2671 1067 2700 (a)
1081 2670 1141 2694 Caet.
1157 2668 1218 2693 edit.
1234 2668 1364 2699 praecedit.
