<?xml version="1.0" encoding="UTF-8"?>
<!DOCTYPE html PUBLIC "-//W3C//DTD XHTML 1.0 Transitional//EN"
    "http://www.w3.org/TR/xhtml1/DTD/xhtml1-transitional.dtd">
<html xmlns="http://www.w3.org/1999/xhtml" xml:lang="en" lang="en">
 <head>
  <title>
</title>
<meta http-equiv="Content-Type" content="text/html;charset=utf-8" />
  <meta name='ocr-system' content='tesseract 3.04.00' />
  <meta name='ocr-capabilities' content='ocr_page ocr_carea ocr_par ocr_line ocrx_word'/>
</head>
<body>
  <div class='ocr_page' id='page_1' title='image "./operaomniasixtiv07bonauoft/operaomniasixtiv07bonauoft_0462.png"; bbox 0 0 2003 3037; ppageno 0'>
   <div class='ocr_carea' id='block_1_1' title="bbox 272 231 332 261">
    <p class='ocr_par' dir='ltr' id='par_1_1' title="bbox 272 231 332 261">
     <span class='ocr_line' id='line_1_1' title="bbox 272 231 332 261; baseline 0 0"><span class='ocrx_word' id='word_1_1' title='bbox 272 231 332 261; x_wconf 71' lang='lat'>428</span> 
     </span>
    </p>
   </div>
   <div class='ocr_carea' id='block_1_2' title="bbox 151 297 1046 410">
    <p class='ocr_par' dir='ltr' id='par_1_2' title="bbox 151 297 1046 410">
     <span class='ocr_line' id='line_1_2' title="bbox 159 297 1046 350; baseline -0.001 -21"><span class='ocrx_word' id='word_1_2' title='bbox 159 300 259 350; x_wconf 50' lang='grc' dir='ltr'>(1ὲῖξὲ</span> <span class='ocrx_word' id='word_1_3' title='bbox 313 298 363 329; x_wconf 78' lang='lat' dir='ltr'>Sic</span> <span class='ocrx_word' id='word_1_4' title='bbox 374 298 481 328; x_wconf 89' lang='lat' dir='ltr'>autem</span> <span class='ocrx_word' id='word_1_5' title='bbox 494 298 532 338; x_wconf 76' lang='lat' dir='ltr'>(a)</span> <span class='ocrx_word' id='word_1_6' title='bbox 548 298 709 329; x_wconf 79' lang='lat' dir='ltr'>contracta</span> <span class='ocrx_word' id='word_1_7' title='bbox 720 300 791 329; x_wconf 87' lang='lat' dir='ltr'>octo</span> <span class='ocrx_word' id='word_1_8' title='bbox 804 297 907 329; x_wconf 91' lang='lat' dir='ltr'>modis</span> <span class='ocrx_word' id='word_1_9' title='bbox 920 298 1046 329; x_wconf 88' lang='lat' dir='ltr'>solvun-</span> 
     </span>
     <span class='ocr_line' id='line_1_3' title="bbox 151 350 1043 410; baseline 0.001 -29"><span class='ocrx_word' id='word_1_10' title='bbox 151 365 251 410; x_wconf 55' lang='lat' dir='ltr'>lisfflm-</span> <span class='ocrx_word' id='word_1_11' title='bbox 273 352 336 382; x_wconf 86' lang='lat' dir='ltr'>tur.</span> <span class='ocrx_word' id='word_1_12' title='bbox 349 350 476 382; x_wconf 88' lang='lat' dir='ltr'>Primus</span> <span class='ocrx_word' id='word_1_13' title='bbox 485 353 542 390; x_wconf 84' lang='lat' dir='ltr'>est,</span> <span class='ocrx_word' id='word_1_14' title='bbox 553 353 629 383; x_wconf 86' lang='lat' dir='ltr'>voto</span> <span class='ocrx_word' id='word_1_15' title='bbox 640 351 775 383; x_wconf 85' lang='lat' dir='ltr'><strong>solemni</strong></span> <span class='ocrx_word' id='word_1_16' title='bbox 786 351 1043 392; x_wconf 85' lang='lat' dir='ltr'>superveniente,</span> 
     </span>
    </p>
   </div>
   <div class='ocr_carea' id='block_1_3' title="bbox 158 404 1062 2634">
    <p class='ocr_par' dir='ltr' id='par_1_3' title="bbox 158 404 1062 2634">
     <span class='ocr_line' id='line_1_4' title="bbox 273 404 1044 445; baseline 0 -10"><span class='ocrx_word' id='word_1_17' title='bbox 273 406 310 435; x_wconf 85' lang='lat' dir='ltr'>ut</span> <span class='ocrx_word' id='word_1_18' title='bbox 337 405 363 435; x_wconf 93' lang='lat' dir='ltr'>si</span> <span class='ocrx_word' id='word_1_19' title='bbox 390 404 469 435; x_wconf 86' lang='lat' dir='ltr'>alter</span> <span class='ocrx_word' id='word_1_20' title='bbox 491 413 682 445; x_wconf 87' lang='lat' dir='ltr'>sponsorum</span> <span class='ocrx_word' id='word_1_21' title='bbox 707 405 803 436; x_wconf 81' lang='lat' dir='ltr'>intret</span> <span class='ocrx_word' id='word_1_22' title='bbox 833 405 1044 444; x_wconf 80' lang='lat' dir='ltr'>religionem3</span> 
     </span>
     <span class='ocr_line' id='line_1_5' title="bbox 272 457 1044 498; baseline 0 -10"><span class='ocrx_word' id='word_1_23' title='bbox 272 457 431 488; x_wconf 83' lang='lat' dir='ltr'>secundus</span> <span class='ocrx_word' id='word_1_24' title='bbox 453 460 519 496; x_wconf 82' lang='lat' dir='ltr'>est,</span> <span class='ocrx_word' id='word_1_25' title='bbox 547 458 790 498; x_wconf 87' lang='lat' dir='ltr'>superveniente</span> <span class='ocrx_word' id='word_1_26' title='bbox 817 457 1044 496; x_wconf 83' lang='lat' dir='ltr'>matrimonio,</span> 
     </span>
     <span class='ocr_line' id='line_1_6' title="bbox 272 510 1046 551; baseline 0.001 -10"><span class='ocrx_word' id='word_1_27' title='bbox 272 512 310 541; x_wconf 93' lang='lat' dir='ltr'>ut</span> <span class='ocrx_word' id='word_1_28' title='bbox 327 510 353 541; x_wconf 93' lang='lat' dir='ltr'>si</span> <span class='ocrx_word' id='word_1_29' title='bbox 373 520 447 542; x_wconf 90' lang='lat' dir='ltr'>cum</span> <span class='ocrx_word' id='word_1_30' title='bbox 467 510 529 542; x_wconf 86' lang='lat' dir='ltr'>alia</span> <span class='ocrx_word' id='word_1_31' title='bbox 548 511 715 542; x_wconf 83' lang='lat' dir='ltr'><strong>contrahat</strong></span> <span class='ocrx_word' id='word_1_32' title='bbox 736 511 774 542; x_wconf 87' lang='lat' dir='ltr'>de</span> <span class='ocrx_word' id='word_1_33' title='bbox 790 511 959 551; x_wconf 88' lang='lat' dir='ltr'>praesenti;</span> <span class='ocrx_word' id='word_1_34' title='bbox 982 513 1046 542; x_wconf 91' lang='lat' dir='ltr'>ter-</span> 
     </span>
     <span class='ocr_line' id='line_1_7' title="bbox 275 564 1046 605; baseline 0.001 -11"><span class='ocrx_word' id='word_1_35' title='bbox 275 564 336 595; x_wconf 89' lang='lat' dir='ltr'>tius</span> <span class='ocrx_word' id='word_1_36' title='bbox 349 565 414 602; x_wconf 86' lang='lat' dir='ltr'>est,</span> <span class='ocrx_word' id='word_1_37' title='bbox 432 564 677 604; x_wconf 88' lang='lat' dir='ltr'>superveniente</span> <span class='ocrx_word' id='word_1_38' title='bbox 691 564 863 602; x_wconf 82' lang='lat' dir='ltr'>affinitate,</span> <span class='ocrx_word' id='word_1_39' title='bbox 879 567 916 595; x_wconf 90' lang='lat' dir='ltr'>ut</span> <span class='ocrx_word' id='word_1_40' title='bbox 928 564 956 595; x_wconf 88' lang='lat' dir='ltr'>si</span> <span class='ocrx_word' id='word_1_41' title='bbox 969 573 1046 605; x_wconf 82' lang='lat' dir='ltr'>cog-</span> 
     </span>
     <span class='ocr_line' id='line_1_8' title="bbox 272 618 1045 657; baseline 0.001 -9"><span class='ocrx_word' id='word_1_42' title='bbox 272 619 382 648; x_wconf 86' lang='lat' dir='ltr'>noscat</span> <span class='ocrx_word' id='word_1_43' title='bbox 400 618 496 648; x_wconf 85' lang='lat' dir='ltr'>aliam</span> <span class='ocrx_word' id='word_1_44' title='bbox 515 618 790 657; x_wconf 67' lang='lat' dir='ltr'>consanguineam</span> <span class='ocrx_word' id='word_1_45' title='bbox 811 626 937 657; x_wconf 80' lang='lat' dir='ltr'>sponsae</span> <span class='ocrx_word' id='word_1_46' title='bbox 957 627 1045 657; x_wconf 88' lang='lat' dir='ltr'>suae,</span> 
     </span>
     <span class='ocr_line' id='line_1_9' title="bbox 273 670 1049 710; baseline 0 -9"><span class='ocrx_word' id='word_1_47' title='bbox 273 673 305 701; x_wconf 86' lang='lat' dir='ltr'>et</span> <span class='ocrx_word' id='word_1_48' title='bbox 316 671 377 701; x_wconf 89' lang='lat' dir='ltr'>hoc</span> <span class='ocrx_word' id='word_1_49' title='bbox 392 671 490 710; x_wconf 87' lang='lat' dir='ltr'>possit</span> <span class='ocrx_word' id='word_1_50' title='bbox 503 671 588 702; x_wconf 86' lang='lat' dir='ltr'>sama</span> <span class='ocrx_word' id='word_1_51' title='bbox 597 670 648 702; x_wconf 91' lang='lat' dir='ltr'>vel</span> <span class='ocrx_word' id='word_1_52' title='bbox 660 671 740 701; x_wconf 82' lang='lat' dir='ltr'>facto</span> <span class='ocrx_word' id='word_1_53' title='bbox 751 670 899 710; x_wconf 77' lang='lat' dir='ltr'>probari3</span> <span class='ocrx_word' id='word_1_54' title='bbox 916 673 1049 710; x_wconf 83' lang='lat' dir='ltr'>quartus</span> 
     </span>
     <span class='ocr_line' id='line_1_10' title="bbox 274 724 1046 764; baseline 0 -9"><span class='ocrx_word' id='word_1_55' title='bbox 274 726 338 762; x_wconf 89' lang='lat' dir='ltr'>est,</span> <span class='ocrx_word' id='word_1_56' title='bbox 370 724 537 755; x_wconf 82' lang='lat' dir='ltr'>incurabili</span> <span class='ocrx_word' id='word_1_57' title='bbox 566 724 753 755; x_wconf 80' lang='lat' dir='ltr'>infirmitate</span> <span class='ocrx_word' id='word_1_58' title='bbox 781 724 1046 764; x_wconf 84' lang='lat' dir='ltr'>superveniente,</span> 
     </span>
     <span class='ocr_line' id='line_1_11' title="bbox 275 778 1046 818; baseline 0 -9"><span class='ocrx_word' id='word_1_59' title='bbox 275 781 352 817; x_wconf 85' lang='lat' dir='ltr'>puta</span> <span class='ocrx_word' id='word_1_60' title='bbox 366 778 482 818; x_wconf 85' lang='lat' dir='ltr'>leprae,</span> <span class='ocrx_word' id='word_1_61' title='bbox 504 779 554 810; x_wconf 90' lang='lat' dir='ltr'>vel</span> <span class='ocrx_word' id='word_1_62' title='bbox 569 778 767 809; x_wconf 85' lang='lat' dir='ltr'>mutilatione</span> <span class='ocrx_word' id='word_1_63' title='bbox 789 778 924 818; x_wconf 86' lang='lat' dir='ltr'>alicujus</span> <span class='ocrx_word' id='word_1_64' title='bbox 945 788 1046 810; x_wconf 84' lang='lat' dir='ltr'>mein-</span> 
     </span>
     <span class='ocr_line' id='line_1_12' title="bbox 275 832 1048 872; baseline 0 -10"><span class='ocrx_word' id='word_1_65' title='bbox 275 832 323 863; x_wconf 88' lang='lat' dir='ltr'>bri</span> <span class='ocrx_word' id='word_1_66' title='bbox 333 842 341 870; x_wconf 88' lang='lat'>;</span> <span class='ocrx_word' id='word_1_67' title='bbox 353 833 486 872; x_wconf 87' lang='lat' dir='ltr'>quintus</span> <span class='ocrx_word' id='word_1_68' title='bbox 494 834 551 870; x_wconf 84' lang='lat' dir='ltr'>est,</span> <span class='ocrx_word' id='word_1_69' title='bbox 564 832 663 863; x_wconf 86' lang='lat' dir='ltr'>altero</span> <span class='ocrx_word' id='word_1_70' title='bbox 675 841 708 862; x_wconf 89' lang='lat' dir='ltr'>se</span> <span class='ocrx_word' id='word_1_71' title='bbox 721 832 916 870; x_wconf 81' lang='lat' dir='ltr'>absentante,</span> <span class='ocrx_word' id='word_1_72' title='bbox 929 834 964 862; x_wconf 85' lang='lat' dir='ltr'>nt</span> <span class='ocrx_word' id='word_1_73' title='bbox 975 841 1048 863; x_wconf 90' lang='lat' dir='ltr'>cum</span> 
     </span>
     <span class='ocr_line' id='line_1_13' title="bbox 275 885 1048 925; baseline 0.001 -9"><span class='ocrx_word' id='word_1_74' title='bbox 275 885 362 916; x_wconf 85' lang='lat' dir='ltr'>vadit</span> <span class='ocrx_word' id='word_1_75' title='bbox 375 885 408 915; x_wconf 90' lang='lat' dir='ltr'>in</span> <span class='ocrx_word' id='word_1_76' title='bbox 423 886 589 924; x_wconf 83' lang='lat' dir='ltr'>regionem</span> <span class='ocrx_word' id='word_1_77' title='bbox 608 885 839 925; x_wconf 83' lang='lat' dir='ltr'>longinquam,</span> <span class='ocrx_word' id='word_1_78' title='bbox 861 886 929 916; x_wconf 89' lang='lat' dir='ltr'>sine</span> <span class='ocrx_word' id='word_1_79' title='bbox 949 885 1048 917; x_wconf 86' lang='lat' dir='ltr'>licen-</span> 
     </span>
     <span class='ocr_line' id='line_1_14' title="bbox 275 938 1048 978; baseline 0.003 -10"><span class='ocrx_word' id='word_1_80' title='bbox 275 938 319 969; x_wconf 85' lang='lat' dir='ltr'>tia</span> <span class='ocrx_word' id='word_1_81' title='bbox 343 938 492 975; x_wconf 82' lang='lat' dir='ltr'>alterins;</span> <span class='ocrx_word' id='word_1_82' title='bbox 516 940 625 968; x_wconf 80' lang='lat' dir='ltr'>sextus</span> <span class='ocrx_word' id='word_1_83' title='bbox 645 940 710 976; x_wconf 86' lang='lat' dir='ltr'>est,</span> <span class='ocrx_word' id='word_1_84' title='bbox 736 938 834 968; x_wconf 85' lang='lat' dir='ltr'>altero</span> <span class='ocrx_word' id='word_1_85' title='bbox 853 938 1048 978; x_wconf 85' lang='lat' dir='ltr'>fornicante;</span> 
     </span>
     <span class='ocr_line' id='line_1_15' title="bbox 276 991 1049 1031; baseline 0.001 -9"><span class='ocrx_word' id='word_1_86' title='bbox 276 991 431 1031; x_wconf 89' lang='lat' dir='ltr'>septimus</span> <span class='ocrx_word' id='word_1_87' title='bbox 445 994 491 1022; x_wconf 87' lang='lat' dir='ltr'>est</span> <span class='ocrx_word' id='word_1_88' title='bbox 504 1015 512 1028; x_wconf 83' lang='lat'>‚</span> <span class='ocrx_word' id='word_1_89' title='bbox 530 994 666 1031; x_wconf 91' lang='lat' dir='ltr'>utroque</span> <span class='ocrx_word' id='word_1_90' title='bbox 683 991 828 1028; x_wconf 88' lang='lat' dir='ltr'>volente,</span> <span class='ocrx_word' id='word_1_91' title='bbox 845 992 963 1023; x_wconf 89' lang='lat' dir='ltr'>scilicet</span> <span class='ocrx_word' id='word_1_92' title='bbox 975 1002 1049 1023; x_wconf 90' lang='lat' dir='ltr'>cum</span> 
     </span>
     <span class='ocr_line' id='line_1_16' title="bbox 276 1044 1047 1083; baseline 0.003 -9"><span class='ocrx_word' id='word_1_93' title='bbox 276 1044 370 1075; x_wconf 87' lang='lat' dir='ltr'>ambo</span> <span class='ocrx_word' id='word_1_94' title='bbox 383 1045 604 1083; x_wconf 84' lang='lat' dir='ltr'>consentiunt,</span> <span class='ocrx_word' id='word_1_95' title='bbox 627 1047 658 1075; x_wconf 86' lang='lat' dir='ltr'>et</span> <span class='ocrx_word' id='word_1_96' title='bbox 676 1047 788 1075; x_wconf 89' lang='lat' dir='ltr'>mutuo</span> <span class='ocrx_word' id='word_1_97' title='bbox 808 1054 840 1076; x_wconf 87' lang='lat' dir='ltr'>se</span> <span class='ocrx_word' id='word_1_98' title='bbox 862 1045 1047 1083; x_wconf 86' lang='lat' dir='ltr'>absolvunt;</span> 
     </span>
     <span class='ocr_line' id='line_1_17' title="bbox 277 1098 1051 1138; baseline 0.004 -10"><span class='ocrx_word' id='word_1_99' title='bbox 277 1100 408 1128; x_wconf 87' lang='lat' dir='ltr'>octavus</span> <span class='ocrx_word' id='word_1_100' title='bbox 420 1101 478 1135; x_wconf 78' lang='lat' dir='ltr'>est,</span> <span class='ocrx_word' id='word_1_101' title='bbox 496 1098 618 1128; x_wconf 85' lang='lat' dir='ltr'>minore</span> <span class='ocrx_word' id='word_1_102' title='bbox 633 1101 769 1138; x_wconf 82' lang='lat' dir='ltr'>petente,</span> <span class='ocrx_word' id='word_1_103' title='bbox 791 1101 823 1129; x_wconf 88' lang='lat' dir='ltr'>nt</span> <span class='ocrx_word' id='word_1_104' title='bbox 839 1100 967 1138; x_wconf 81' lang='lat' dir='ltr'>quando</span> <span class='ocrx_word' id='word_1_105' title='bbox 979 1109 1051 1130; x_wconf 93' lang='lat' dir='ltr'>con-</span> 
     </span>
     <span class='ocr_line' id='line_1_18' title="bbox 276 1151 1050 1192; baseline 0.004 -11"><span class='ocrx_word' id='word_1_106' title='bbox 276 1153 377 1182; x_wconf 86' lang='lat' dir='ltr'>tracta</span> <span class='ocrx_word' id='word_1_107' title='bbox 398 1153 470 1181; x_wconf 87' lang='lat' dir='ltr'>sunt</span> <span class='ocrx_word' id='word_1_108' title='bbox 499 1151 658 1190; x_wconf 78' lang='lat' dir='ltr'>sponsalia</span> <span class='ocrx_word' id='word_1_109' title='bbox 683 1151 764 1182; x_wconf 87' lang='lat' dir='ltr'>inter</span> <span class='ocrx_word' id='word_1_110' title='bbox 787 1152 885 1190; x_wconf 80' lang='lat' dir='ltr'>duos,</span> <span class='ocrx_word' id='word_1_111' title='bbox 911 1162 1050 1192; x_wconf 91' lang='lat' dir='ltr'>quorum</span> 
     </span>
     <span class='ocr_line' id='line_1_19' title="bbox 276 1204 1051 1242; baseline 0.003 -7"><span class='ocrx_word' id='word_1_112' title='bbox 276 1214 363 1235; x_wconf 91' lang='lat' dir='ltr'>unus</span> <span class='ocrx_word' id='word_1_113' title='bbox 377 1207 424 1235; x_wconf 90' lang='lat' dir='ltr'>est</span> <span class='ocrx_word' id='word_1_114' title='bbox 439 1204 471 1234; x_wconf 93' lang='lat' dir='ltr'>in</span> <span class='ocrx_word' id='word_1_115' title='bbox 487 1206 578 1235; x_wconf 85' lang='lat' dir='ltr'>aetate</span> <span class='ocrx_word' id='word_1_116' title='bbox 595 1205 714 1242; x_wconf 83' lang='lat' dir='ltr'>debita,</span> <span class='ocrx_word' id='word_1_117' title='bbox 732 1205 811 1236; x_wconf 87' lang='lat' dir='ltr'>alter</span> <span class='ocrx_word' id='word_1_118' title='bbox 825 1215 902 1236; x_wconf 91' lang='lat' dir='ltr'>non.</span> <span class='ocrx_word' id='word_1_119' title='bbox 923 1206 1051 1237; x_wconf 88' lang='lat' dir='ltr'>Duobus</span> 
     </span>
     <span class='ocr_line' id='line_1_20' title="bbox 277 1258 1049 1299; baseline 0.003 -11"><span class='ocrx_word' id='word_1_120' title='bbox 277 1258 387 1298; x_wconf 86' lang='lat' dir='ltr'>primis</span> <span class='ocrx_word' id='word_1_121' title='bbox 404 1258 506 1289; x_wconf 84' lang='lat' dir='ltr'>modis</span> <span class='ocrx_word' id='word_1_122' title='bbox 517 1258 686 1288; x_wconf 90' lang='lat' dir='ltr'>solvuntur</span> <span class='ocrx_word' id='word_1_123' title='bbox 700 1259 858 1298; x_wconf 80' lang='lat' dir='ltr'>sponsalia</span> <span class='ocrx_word' id='word_1_124' title='bbox 871 1260 939 1299; x_wconf 89' lang='lat' dir='ltr'>ipso</span> <span class='ocrx_word' id='word_1_125' title='bbox 953 1260 1049 1298; x_wconf 74' lang='lat' dir='ltr'>facto;</span> 
     </span>
     <span class='ocr_line' id='line_1_21' title="bbox 276 1311 1052 1351; baseline 0.004 -10"><span class='ocrx_word' id='word_1_126' title='bbox 276 1311 546 1351; x_wconf 69' lang='lat' dir='ltr'>consequentibus</span> <span class='ocrx_word' id='word_1_127' title='bbox 568 1320 663 1347; x_wconf 80' lang='lat' dir='ltr'>vero,</span> <span class='ocrx_word' id='word_1_128' title='bbox 687 1321 743 1351; x_wconf 81' lang='lat' dir='ltr'>per</span> <span class='ocrx_word' id='word_1_129' title='bbox 760 1312 921 1350; x_wconf 52' lang='lat' dir='ltr'>,iudicium</span> <span class='ocrx_word' id='word_1_130' title='bbox 948 1313 1052 1344; x_wconf 82' lang='lat' dir='ltr'>Eccle-</span> 
     </span>
     <span class='ocr_line' id='line_1_22' title="bbox 278 1364 1051 1406; baseline 0.004 -12"><span class='ocrx_word' id='word_1_131' title='bbox 278 1364 345 1394; x_wconf 84' lang='lat' dir='ltr'>siae.</span> <span class='ocrx_word' id='word_1_132' title='bbox 368 1364 489 1404; x_wconf 84' lang='lat' dir='ltr'>Duplex</span> <span class='ocrx_word' id='word_1_133' title='bbox 507 1367 555 1394; x_wconf 87' lang='lat' dir='ltr'>est</span> <span class='ocrx_word' id='word_1_134' title='bbox 576 1367 682 1395; x_wconf 87' lang='lat' dir='ltr'>autem</span> <span class='ocrx_word' id='word_1_135' title='bbox 705 1365 836 1395; x_wconf 77' lang='lat' dir='ltr'>effectus</span> <span class='ocrx_word' id='word_1_136' title='bbox 856 1367 1051 1406; x_wconf 83' lang='lat' dir='ltr'>sponsalium</span> 
     </span>
     <span class='ocr_line' id='line_1_23' title="bbox 278 1419 1053 1461; baseline 0.005 -14"><span class='ocrx_word' id='word_1_137' title='bbox 278 1419 512 1447; x_wconf 85' lang='lat' dir='ltr'>contractorum</span> <span class='ocrx_word' id='word_1_138' title='bbox 532 1429 538 1448; x_wconf 75' lang='grc' dir='ltr'><strong><em>ι</em></strong></span> <span class='ocrx_word' id='word_1_139' title='bbox 573 1426 656 1448; x_wconf 88' lang='lat' dir='ltr'>unus</span> <span class='ocrx_word' id='word_1_140' title='bbox 680 1420 727 1448; x_wconf 87' lang='lat' dir='ltr'>est</span> <span class='ocrx_word' id='word_1_141' title='bbox 750 1419 902 1458; x_wconf 81' lang='lat' dir='ltr'>obligatio</span> <span class='ocrx_word' id='word_1_142' title='bbox 927 1424 1053 1461; x_wconf 84' lang='lat' dir='ltr'>propter</span> 
     </span>
     <span class='ocr_line' id='line_1_24' title="bbox 278 1471 1052 1513; baseline 0.006 -12"><span class='ocrx_word' id='word_1_143' title='bbox 278 1471 522 1510; x_wconf 80' lang='lat' dir='ltr'>promissionem</span> <span class='ocrx_word' id='word_1_144' title='bbox 539 1482 545 1502; x_wconf 89' lang='lat'>:</span> <span class='ocrx_word' id='word_1_145' title='bbox 567 1472 651 1502; x_wconf 88' lang='lat' dir='ltr'>unde</span> <span class='ocrx_word' id='word_1_146' title='bbox 666 1472 742 1503; x_wconf 81' lang='lat' dir='ltr'>tales</span> <span class='ocrx_word' id='word_1_147' title='bbox 756 1474 962 1513; x_wconf 82' lang='lat' dir='ltr'>compellendi</span> <span class='ocrx_word' id='word_1_148' title='bbox 978 1478 1052 1506; x_wconf 89' lang='lat' dir='ltr'>sunt</span> 
     </span>
     <span class='ocr_line' id='line_1_25' title="bbox 278 1525 1053 1565; baseline 0.005 -10"><span class='ocrx_word' id='word_1_149' title='bbox 278 1525 317 1555; x_wconf 81' lang='lat' dir='ltr'>ad</span> <span class='ocrx_word' id='word_1_150' title='bbox 334 1526 574 1556; x_wconf 75' lang='lat' dir='ltr'>matrimonium</span> <span class='ocrx_word' id='word_1_151' title='bbox 590 1527 852 1565; x_wconf 84' lang='lat' dir='ltr'>contrahendum,</span> <span class='ocrx_word' id='word_1_152' title='bbox 869 1528 929 1558; x_wconf 89' lang='lat' dir='ltr'>nisi</span> <span class='ocrx_word' id='word_1_153' title='bbox 944 1529 1053 1559; x_wconf 80' lang='lat' dir='ltr'>timea-</span> 
     </span>
     <span class='ocr_line' id='line_1_26' title="bbox 277 1579 1051 1622; baseline 0.006 -14"><span class='ocrx_word' id='word_1_154' title='bbox 277 1581 331 1608; x_wconf 87' lang='lat' dir='ltr'>tur</span> <span class='ocrx_word' id='word_1_155' title='bbox 347 1579 559 1610; x_wconf 86' lang='lat' dir='ltr'>uxoricidium</span> <span class='ocrx_word' id='word_1_156' title='bbox 570 1605 578 1617; x_wconf 83' lang='lat'>,</span> <span class='ocrx_word' id='word_1_157' title='bbox 602 1580 650 1610; x_wconf 89' lang='lat' dir='ltr'>vel</span> <span class='ocrx_word' id='word_1_158' title='bbox 667 1581 854 1612; x_wconf 73' lang='lat' dir='ltr'>interveniat</span> <span class='ocrx_word' id='word_1_159' title='bbox 871 1582 986 1622; x_wconf 83' lang='lat' dir='ltr'>aliquis</span> <span class='ocrx_word' id='word_1_160' title='bbox 1001 1593 1051 1613; x_wconf 84' lang='lat' dir='ltr'>ca-</span> 
     </span>
     <span class='ocr_line' id='line_1_27' title="bbox 278 1633 1055 1676; baseline 0.006 -14"><span class='ocrx_word' id='word_1_161' title='bbox 278 1642 374 1663; x_wconf 89' lang='lat' dir='ltr'>suum</span> <span class='ocrx_word' id='word_1_162' title='bbox 389 1633 613 1673; x_wconf 78' lang='lat' dir='ltr'>praedictorum</span> <span class='ocrx_word' id='word_1_163' title='bbox 628 1645 635 1672; x_wconf 80' lang='lat'><em>3</em></span> <span class='ocrx_word' id='word_1_164' title='bbox 653 1635 735 1665; x_wconf 88' lang='lat' dir='ltr'>alius</span> <span class='ocrx_word' id='word_1_165' title='bbox 751 1636 880 1666; x_wconf 69' lang='lat' dir='ltr'>effectus</span> <span class='ocrx_word' id='word_1_166' title='bbox 893 1642 938 1666; x_wconf 84' lang='lat' dir='ltr'>est</span> <span class='ocrx_word' id='word_1_167' title='bbox 955 1637 1055 1676; x_wconf 88' lang='lat' dir='ltr'>publi-</span> 
     </span>
     <span class='ocr_line' id='line_1_28' title="bbox 280 1686 1055 1729; baseline 0.006 -13"><span class='ocrx_word' id='word_1_168' title='bbox 280 1695 324 1716; x_wconf 72' lang='lat' dir='ltr'>ca²v</span> <span class='ocrx_word' id='word_1_169' title='bbox 339 1686 512 1717; x_wconf 80' lang='lat' dir='ltr'>honestatis</span> <span class='ocrx_word' id='word_1_170' title='bbox 524 1688 658 1727; x_wconf 78' lang='lat' dir='ltr'>justitia,</span> <span class='ocrx_word' id='word_1_171' title='bbox 675 1698 749 1728; x_wconf 69' lang='lat' dir='ltr'>qua²</span> <span class='ocrx_word' id='word_1_172' title='bbox 768 1692 829 1726; x_wconf 81' lang='lat' dir='ltr'>est,</span> <span class='ocrx_word' id='word_1_173' title='bbox 849 1690 933 1729; x_wconf 88' lang='lat' dir='ltr'>quod</span> <span class='ocrx_word' id='word_1_174' title='bbox 948 1690 1055 1721; x_wconf 86' lang='lat' dir='ltr'>nuilus</span> 
     </span>
     <span class='ocr_line' id='line_1_29' title="bbox 280 1741 1055 1783; baseline 0.008 -15"><span class='ocrx_word' id='word_1_175' title='bbox 280 1741 595 1779; x_wconf 79' lang='lat' dir='ltr'>consanguineorum</span> <span class='ocrx_word' id='word_1_176' title='bbox 618 1743 724 1782; x_wconf 86' lang='lat' dir='ltr'>sponsi</span> <span class='ocrx_word' id='word_1_177' title='bbox 747 1746 847 1783; x_wconf 86' lang='lat' dir='ltr'>potest</span> <span class='ocrx_word' id='word_1_178' title='bbox 869 1743 1055 1774; x_wconf 75' lang='lat' dir='ltr'>contrahere</span> 
     </span>
     <span class='ocr_line' id='line_1_30' title="bbox 280 1794 784 1833; baseline 0.01 -12"><span class='ocrx_word' id='word_1_179' title='bbox 280 1800 353 1822; x_wconf 90' lang='lat' dir='ltr'>cum</span> <span class='ocrx_word' id='word_1_180' title='bbox 369 1802 500 1833; x_wconf 82' lang='lat' dir='ltr'>sponsa,</span> <span class='ocrx_word' id='word_1_181' title='bbox 522 1794 571 1824; x_wconf 87' lang='lat' dir='ltr'>vel</span> <span class='ocrx_word' id='word_1_182' title='bbox 588 1806 604 1824; x_wconf 77' lang='lat' dir='ltr'>e</span> <span class='ocrx_word' id='word_1_183' title='bbox 620 1805 784 1826; x_wconf 75' lang='lat' dir='ltr'>converse.</span> 
     </span>
     <span class='ocr_line' id='line_1_31' title="bbox 176 1845 1054 1888; baseline 0.009 -17"><span class='ocrx_word' id='word_1_184' title='bbox 176 1853 264 1873; x_wconf 52' lang='lat' dir='ltr'>Tro-iffi</span> <span class='ocrx_word' id='word_1_185' title='bbox 321 1845 486 1886; x_wconf 82' lang='lat' dir='ltr'>Conjnncti</span> <span class='ocrx_word' id='word_1_186' title='bbox 512 1849 790 1879; x_wconf 73' lang='lat' dir='ltr'>matrimonialiter</span> <span class='ocrx_word' id='word_1_187' title='bbox 810 1858 865 1888; x_wconf 78' lang='lat' dir='ltr'>per</span> <span class='ocrx_word' id='word_1_188' title='bbox 887 1849 1054 1879; x_wconf 76' lang='lat' dir='ltr'>Ecclesiam</span> 
     </span>
     <span class='ocr_line' id='line_1_32' title="bbox 158 1884 1056 1942; baseline 0.003 -13"><span class='ocrx_word' id='word_1_189' title='bbox 158 1884 260 1941; x_wconf 41' lang='grc' dir='ltr'>εἷ’ϊζῗζῗ</span> <span class='ocrx_word' id='word_1_190' title='bbox 280 1899 445 1939; x_wconf 67' lang='lat' dir='ltr'>tripliciter</span> <span class='ocrx_word' id='word_1_191' title='bbox 461 1905 650 1941; x_wconf 74' lang='lat' dir='ltr'>separantur</span> <span class='ocrx_word' id='word_1_192' title='bbox 666 1913 671 1932; x_wconf 90' lang='lat'>:</span> <span class='ocrx_word' id='word_1_193' title='bbox 691 1905 746 1933; x_wconf 79' lang='lat' dir='ltr'>aut</span> <span class='ocrx_word' id='word_1_194' title='bbox 761 1903 944 1942; x_wconf 86' lang='lat' dir='ltr'>simpliciter</span> <span class='ocrx_word' id='word_1_195' title='bbox 957 1912 1056 1942; x_wconf 83' lang='lat' dir='ltr'>qnan-</span> 
     </span>
     <span class='ocr_line' id='line_1_33' title="bbox 188 1950 1057 1995; baseline 0.003 -13"><span class='ocrx_word' id='word_1_196' title='bbox 188 1950 264 1995; x_wconf 46' lang='lat' dir='ltr'>f&#39;&#39;&#39;&#39;-‘¹¹·</span> <span class='ocrx_word' id='word_1_197' title='bbox 282 1954 347 1983; x_wconf 89' lang='lat' dir='ltr'>tum</span> <span class='ocrx_word' id='word_1_198' title='bbox 364 1955 402 1984; x_wconf 80' lang='lat' dir='ltr'>ad</span> <span class='ocrx_word' id='word_1_199' title='bbox 420 1955 583 1986; x_wconf 86' lang='lat' dir='ltr'>vinculum</span> <span class='ocrx_word' id='word_1_200' title='bbox 598 1981 606 1994; x_wconf 78' lang='lat'><strong>‚</strong></span> <span class='ocrx_word' id='word_1_201' title='bbox 629 1966 701 1986; x_wconf 89' lang='lat' dir='ltr'>cum</span> <span class='ocrx_word' id='word_1_202' title='bbox 723 1956 910 1992; x_wconf 79' lang='lat' dir='ltr'>ostenditur,</span> <span class='ocrx_word' id='word_1_203' title='bbox 930 1959 1057 1995; x_wconf 86' lang='lat' dir='ltr'>propter</span> 
     </span>
     <span class='ocr_line' id='line_1_34' title="bbox 282 2005 1054 2049; baseline 0.005 -14"><span class='ocrx_word' id='word_1_204' title='bbox 282 2005 544 2046; x_wconf 70' lang='lat' dir='ltr'>impedimentum</span> <span class='ocrx_word' id='word_1_205' title='bbox 557 2035 564 2047; x_wconf 87' lang='lat'>,</span> <span class='ocrx_word' id='word_1_206' title='bbox 587 2010 769 2049; x_wconf 79' lang='lat' dir='ltr'>legitimum</span> <span class='ocrx_word' id='word_1_207' title='bbox 786 2019 849 2039; x_wconf 89' lang='lat' dir='ltr'>non</span> <span class='ocrx_word' id='word_1_208' title='bbox 869 2010 965 2039; x_wconf 83' lang='lat' dir='ltr'>fnisse</span> <span class='ocrx_word' id='word_1_209' title='bbox 980 2018 1054 2039; x_wconf 90' lang='lat' dir='ltr'>con-</span> 
     </span>
     <span class='ocr_line' id='line_1_35' title="bbox 277 2060 1057 2101; baseline 0.003 -12"><span class='ocrx_word' id='word_1_210' title='bbox 277 2060 410 2099; x_wconf 79' lang='lat' dir='ltr'>jugium</span> <span class='ocrx_word' id='word_1_211' title='bbox 428 2061 509 2091; x_wconf 82' lang='lat' dir='ltr'>inter</span> <span class='ocrx_word' id='word_1_212' title='bbox 523 2072 576 2092; x_wconf 83' lang='lat' dir='ltr'>eos</span> <span class='ocrx_word' id='word_1_213' title='bbox 589 2074 595 2099; x_wconf 79' lang='lat'><em>3</em></span> <span class='ocrx_word' id='word_1_214' title='bbox 613 2065 665 2092; x_wconf 86' lang='lat' dir='ltr'>aut</span> <span class='ocrx_word' id='word_1_215' title='bbox 680 2065 866 2101; x_wconf 74' lang='lat' dir='ltr'>separantur</span> <span class='ocrx_word' id='word_1_216' title='bbox 880 2062 917 2091; x_wconf 72' lang='lat' dir='ltr'>acl</span> <span class='ocrx_word' id='word_1_217' title='bbox 932 2065 1057 2100; x_wconf 84' lang='lat' dir='ltr'>tempus</span> 
     </span>
     <span class='ocr_line' id='line_1_36' title="bbox 281 2114 1058 2155; baseline 0.001 -12"><span class='ocrx_word' id='word_1_218' title='bbox 281 2114 318 2143; x_wconf 65' lang='lat' dir='ltr'>asi</span> <span class='ocrx_word' id='word_1_219' title='bbox 338 2115 557 2153; x_wconf 73' lang='lat' dir='ltr'>poenitentiam</span> <span class='ocrx_word' id='word_1_220' title='bbox 576 2116 752 2147; x_wconf 77' lang='lat' dir='ltr'>faciendam</span> <span class='ocrx_word' id='word_1_221' title='bbox 764 2140 772 2154; x_wconf 90' lang='lat'>,</span> <span class='ocrx_word' id='word_1_222' title='bbox 791 2118 825 2146; x_wconf 89' lang='lat' dir='ltr'>nt</span> <span class='ocrx_word' id='word_1_223' title='bbox 840 2115 970 2155; x_wconf 85' lang='lat' dir='ltr'>quando</span> <span class='ocrx_word' id='word_1_224' title='bbox 985 2124 1058 2145; x_wconf 93' lang='lat' dir='ltr'>con-</span> 
     </span>
     <span class='ocr_line' id='line_1_37' title="bbox 281 2168 1059 2205; baseline 0.001 -8"><span class='ocrx_word' id='word_1_225' title='bbox 281 2169 329 2197; x_wconf 83' lang='lat' dir='ltr'>tra</span> <span class='ocrx_word' id='word_1_226' title='bbox 351 2168 554 2199; x_wconf 78' lang='lat' dir='ltr'>interdictum</span> <span class='ocrx_word' id='word_1_227' title='bbox 576 2169 721 2200; x_wconf 72' lang='lat' dir='ltr'>Ecclesiae</span> <span class='ocrx_word' id='word_1_228' title='bbox 736 2171 982 2205; x_wconf 76' lang='lat' dir='ltr'>contraxerunt3</span> <span class='ocrx_word' id='word_1_229' title='bbox 1005 2170 1059 2198; x_wconf 85' lang='lat' dir='ltr'>aut</span> 
     </span>
     <span class='ocr_line' id='line_1_38' title="bbox 282 2222 1058 2262; baseline 0 -11"><span class='ocrx_word' id='word_1_230' title='bbox 282 2224 470 2261; x_wconf 80' lang='lat' dir='ltr'>separantur</span> <span class='ocrx_word' id='word_1_231' title='bbox 494 2222 677 2262; x_wconf 76' lang='lat' dir='ltr'>simpliciter</span> <span class='ocrx_word' id='word_1_232' title='bbox 697 2225 852 2262; x_wconf 87' lang='lat' dir='ltr'>quantum</span> <span class='ocrx_word' id='word_1_233' title='bbox 874 2222 912 2252; x_wconf 88' lang='lat' dir='ltr'>ad</span> <span class='ocrx_word' id='word_1_234' title='bbox 933 2224 1058 2260; x_wconf 85' lang='lat' dir='ltr'>tempus</span> 
     </span>
     <span class='ocr_line' id='line_1_39' title="bbox 282 2276 1059 2316; baseline 0 -11"><span class='ocrx_word' id='word_1_235' title='bbox 282 2276 314 2305; x_wconf 92' lang='lat' dir='ltr'>in</span> <span class='ocrx_word' id='word_1_236' title='bbox 338 2285 463 2315; x_wconf 80' lang='lat' dir='ltr'>poenam</span> <span class='ocrx_word' id='word_1_237' title='bbox 476 2300 485 2313; x_wconf 90' lang='lat'>,</span> <span class='ocrx_word' id='word_1_238' title='bbox 511 2279 638 2316; x_wconf 82' lang='lat' dir='ltr'>propter</span> <span class='ocrx_word' id='word_1_239' title='bbox 658 2277 787 2316; x_wconf 84' lang='lat' dir='ltr'>aliquod</span> <span class='ocrx_word' id='word_1_240' title='bbox 807 2277 927 2306; x_wconf 83' lang='lat' dir='ltr'>crimen</span> <span class='ocrx_word' id='word_1_241' title='bbox 949 2278 1059 2305; x_wconf 84' lang='lat' dir='ltr'>contra</span> 
     </span>
     <span class='ocr_line' id='line_1_40' title="bbox 283 2330 1057 2369; baseline 0.001 -11"><span class='ocrx_word' id='word_1_242' title='bbox 283 2330 491 2359; x_wconf 82' lang='lat' dir='ltr'>substantiam</span> <span class='ocrx_word' id='word_1_243' title='bbox 516 2330 709 2359; x_wconf 86' lang='lat' dir='ltr'>matrimonii</span> <span class='ocrx_word' id='word_1_244' title='bbox 736 2331 974 2369; x_wconf 65' lang='lat' dir='ltr'>perpetratum,</span> <span class='ocrx_word' id='word_1_245' title='bbox 1004 2331 1057 2365; x_wconf 85' lang='lat' dir='ltr'>ut,</span> 
     </span>
     <span class='ocr_line' id='line_1_41' title="bbox 284 2382 1059 2421; baseline 0 -10"><span class='ocrx_word' id='word_1_246' title='bbox 284 2383 410 2421; x_wconf 81' lang='lat' dir='ltr'>qnando</span> <span class='ocrx_word' id='word_1_247' title='bbox 433 2383 511 2412; x_wconf 70' lang='lat' dir='ltr'>alter</span> <span class='ocrx_word' id='word_1_248' title='bbox 532 2386 707 2421; x_wconf 71' lang='lat' dir='ltr'>coangnm</span> <span class='ocrx_word' id='word_1_249' title='bbox 731 2383 916 2419; x_wconf 70' lang='lat' dir='ltr'>fornicatur,</span> <span class='ocrx_word' id='word_1_250' title='bbox 939 2385 1011 2412; x_wconf 91' lang='lat' dir='ltr'>tunc</span> <span class='ocrx_word' id='word_1_251' title='bbox 1033 2382 1059 2411; x_wconf 86' lang='lat' dir='ltr'>si</span> 
     </span>
     <span class='ocr_line' id='line_1_42' title="bbox 286 2435 1057 2475; baseline 0 -11"><span class='ocrx_word' id='word_1_252' title='bbox 286 2438 368 2473; x_wconf 75' lang='lat' dir='ltr'>petat</span> <span class='ocrx_word' id='word_1_253' title='bbox 395 2436 545 2466; x_wconf 74' lang='lat' dir='ltr'>innocens</span> <span class='ocrx_word' id='word_1_254' title='bbox 574 2446 647 2466; x_wconf 83' lang='lat' dir='ltr'>cum</span> <span class='ocrx_word' id='word_1_255' title='bbox 682 2436 864 2475; x_wconf 79' lang='lat' dir='ltr'>probatione</span> <span class='ocrx_word' id='word_1_256' title='bbox 889 2435 1057 2472; x_wconf 79' lang='lat' dir='ltr'>adulterii,</span> 
     </span>
     <span class='ocr_line' id='line_1_43' title="bbox 285 2487 1059 2527; baseline 0 -10"><span class='ocrx_word' id='word_1_257' title='bbox 285 2487 460 2517; x_wconf 78' lang='lat' dir='ltr'>absolvitur</span> <span class='ocrx_word' id='word_1_258' title='bbox 478 2498 531 2527; x_wconf 76' lang='lat' dir='ltr'>per</span> <span class='ocrx_word' id='word_1_259' title='bbox 552 2489 720 2519; x_wconf 74' lang='lat' dir='ltr'>Ecclesiam</span> <span class='ocrx_word' id='word_1_260' title='bbox 738 2499 755 2518; x_wconf 89' lang='lat' dir='ltr'>a</span> <span class='ocrx_word' id='word_1_261' title='bbox 773 2491 883 2518; x_wconf 85' lang='lat' dir='ltr'>mutua</span> <span class='ocrx_word' id='word_1_262' title='bbox 898 2488 1059 2518; x_wconf 33' lang='lat' dir='ltr'>cohabita*-</span> 
     </span>
     <span class='ocr_line' id='line_1_44' title="bbox 285 2541 1060 2573; baseline 0 -3"><span class='ocrx_word' id='word_1_263' title='bbox 285 2541 370 2570; x_wconf 86' lang='lat' dir='ltr'>tione</span> <span class='ocrx_word' id='word_1_264' title='bbox 384 2542 511 2573; x_wconf 82' lang='lat' dir='ltr'>uxoris.</span> <span class='ocrx_word' id='word_1_265' title='bbox 534 2545 561 2572; x_wconf 86' lang='lat' dir='ltr'>et</span> <span class='ocrx_word' id='word_1_266' title='bbox 580 2543 674 2572; x_wconf 86' lang='lat' dir='ltr'>debiti</span> <span class='ocrx_word' id='word_1_267' title='bbox 694 2542 882 2572; x_wconf 71' lang='lat' dir='ltr'>redditione.</span> <span class='ocrx_word' id='word_1_268' title='bbox 907 2542 988 2571; x_wconf 79' lang='lat' dir='ltr'>Sunt</span> <span class='ocrx_word' id='word_1_269' title='bbox 1003 2551 1060 2571; x_wconf 86' lang='lat' dir='ltr'>an-</span> 
     </span>
     <span class='ocr_line' id='line_1_45' title="bbox 287 2594 1062 2634; baseline 0.001 -11"><span class='ocrx_word' id='word_1_270' title='bbox 287 2596 350 2623; x_wconf 88' lang='lat' dir='ltr'>tem</span> <span class='ocrx_word' id='word_1_271' title='bbox 364 2597 482 2633; x_wconf 83' lang='lat' dir='ltr'>septeni</span> <span class='ocrx_word' id='word_1_272' title='bbox 500 2605 607 2632; x_wconf 78' lang='lat' dir='ltr'>casus,</span> <span class='ocrx_word' id='word_1_273' title='bbox 625 2596 656 2625; x_wconf 93' lang='lat' dir='ltr'>in</span> <span class='ocrx_word' id='word_1_274' title='bbox 672 2596 787 2634; x_wconf 84' lang='lat' dir='ltr'>quibus</span> <span class='ocrx_word' id='word_1_275' title='bbox 804 2597 903 2634; x_wconf 89' lang='lat' dir='ltr'>potest</span> <span class='ocrx_word' id='word_1_276' title='bbox 919 2594 1062 2624; x_wconf 83' lang='lat' dir='ltr'>adultera</span> 
     </span>
    </p>
   </div>
   <div class='ocr_carea' id='block_1_4' title="bbox 290 2674 1062 2741">
    <p class='ocr_par' dir='ltr' id='par_1_4' title="bbox 290 2674 1062 2741">
     <span class='ocr_line' id='line_1_46' title="bbox 320 2674 1062 2705; baseline 0.001 -9"><span class='ocrx_word' id='word_1_277' title='bbox 320 2674 352 2704; x_wconf 78' lang='lat' dir='ltr'>(u)</span> <span class='ocrx_word' id='word_1_278' title='bbox 370 2674 435 2698; x_wconf 68' lang='lat' dir='ltr'>Edit.</span> <span class='ocrx_word' id='word_1_279' title='bbox 454 2675 506 2697; x_wconf 75' lang='lat' dir='ltr'>Vnt.</span> <span class='ocrx_word' id='word_1_280' title='bbox 519 2677 541 2697; x_wconf 74' lang='lat' dir='ltr'>el</span> <span class='ocrx_word' id='word_1_281' title='bbox 561 2676 617 2698; x_wconf 76' lang='lat' dir='ltr'>Ven.</span> <span class='ocrx_word' id='word_1_282' title='bbox 631 2678 681 2699; x_wconf 88' lang='lat' dir='ltr'>aut.</span> <span class='ocrx_word' id='word_1_283' title='bbox 695 2689 720 2692; x_wconf 69' lang='lat'>—</span> <span class='ocrx_word' id='word_1_284' title='bbox 737 2674 770 2705; x_wconf 80' lang='lat' dir='ltr'>(b)</span> <span class='ocrx_word' id='word_1_285' title='bbox 783 2675 843 2699; x_wconf 74' lang='lat' dir='ltr'>Coet.</span> <span class='ocrx_word' id='word_1_286' title='bbox 858 2674 918 2697; x_wconf 74' lang='lat' dir='ltr'>edit.</span> <span class='ocrx_word' id='word_1_287' title='bbox 931 2674 1018 2697; x_wconf 86' lang='lat' dir='ltr'>nubet.</span> <span class='ocrx_word' id='word_1_288' title='bbox 1032 2687 1062 2691; x_wconf 99' lang='lat'><strong>—</strong></span> 
     </span>
     <span class='ocr_line' id='line_1_47' title="bbox 290 2710 735 2741; baseline 0.004 -9"><span class='ocrx_word' id='word_1_289' title='bbox 290 2711 318 2738; x_wconf 74' lang='lat' dir='ltr'>tc)</span> <span class='ocrx_word' id='word_1_290' title='bbox 335 2710 403 2733; x_wconf 71' lang='lat' dir='ltr'>Edit.</span> <span class='ocrx_word' id='word_1_291' title='bbox 428 2710 480 2733; x_wconf 72' lang='lat' dir='ltr'>Vm.</span> <span class='ocrx_word' id='word_1_292' title='bbox 495 2712 517 2733; x_wconf 77' lang='lat' dir='ltr'>ct</span> <span class='ocrx_word' id='word_1_293' title='bbox 534 2714 588 2734; x_wconf 68' lang='lat' dir='ltr'>Veu.</span> <span class='ocrx_word' id='word_1_294' title='bbox 604 2711 735 2741; x_wconf 58' lang='lat' dir='ltr'>religione.</span> 
     </span>
    </p>
   </div>
   <div class='ocr_carea' id='block_1_5' title="bbox 918 229 1222 268">
    <p class='ocr_par' dir='ltr' id='par_1_5' title="bbox 918 229 1222 268">
     <span class='ocr_line' id='line_1_48' title="bbox 918 229 1222 268; baseline 0.003 -7"><span class='ocrx_word' id='word_1_295' title='bbox 918 229 1222 268; x_wconf 84' lang='lat' dir='ltr'>CENTILOQUIUM.</span> 
     </span>
    </p>
   </div>
   <div class='ocr_carea' id='block_1_6' title="bbox 1099 297 2003 2681">
    <p class='ocr_par' dir='ltr' id='par_1_6' title="bbox 1099 297 1876 971">
     <span class='ocr_line' id='line_1_49' title="bbox 1099 297 1872 339; baseline 0 -10"><span class='ocrx_word' id='word_1_296' title='bbox 1099 298 1246 339; x_wconf 83' lang='lat' dir='ltr'>excipere</span> <span class='ocrx_word' id='word_1_297' title='bbox 1273 299 1385 329; x_wconf 85' lang='lat' dir='ltr'>contra</span> <span class='ocrx_word' id='word_1_298' title='bbox 1410 299 1570 337; x_wconf 81' lang='lat' dir='ltr'>petentem</span> <span class='ocrx_word' id='word_1_299' title='bbox 1592 297 1777 331; x_wconf 80' lang='lat' dir='ltr'>divortium.</span> <span class='ocrx_word' id='word_1_300' title='bbox 1804 298 1872 329; x_wconf 85' lang='lat' dir='ltr'>Pri-</span> 
     </span>
     <span class='ocr_line' id='line_1_50' title="bbox 1100 351 1873 390; baseline -0.001 -7"><span class='ocrx_word' id='word_1_301' title='bbox 1100 361 1173 383; x_wconf 88' lang='lat' dir='ltr'>mus</span> <span class='ocrx_word' id='word_1_302' title='bbox 1186 355 1251 390; x_wconf 89' lang='lat' dir='ltr'>est,</span> <span class='ocrx_word' id='word_1_303' title='bbox 1270 353 1297 383; x_wconf 90' lang='lat' dir='ltr'>si</span> <span class='ocrx_word' id='word_1_304' title='bbox 1314 351 1464 383; x_wconf 82' lang='lat' dir='ltr'>fornicari</span> <span class='ocrx_word' id='word_1_305' title='bbox 1477 351 1677 382; x_wconf 88' lang='lat' dir='ltr'>convincitur</span> <span class='ocrx_word' id='word_1_306' title='bbox 1690 360 1699 390; x_wconf 81' lang='lat'>3</span> <span class='ocrx_word' id='word_1_307' title='bbox 1713 351 1873 383; x_wconf 80' lang='lat' dir='ltr'>secundus</span> 
     </span>
     <span class='ocr_line' id='line_1_51' title="bbox 1100 404 1874 445; baseline 0 -9"><span class='ocrx_word' id='word_1_308' title='bbox 1100 407 1166 443; x_wconf 84' lang='lat' dir='ltr'>est,</span> <span class='ocrx_word' id='word_1_309' title='bbox 1186 405 1213 436; x_wconf 93' lang='lat' dir='ltr'>si</span> <span class='ocrx_word' id='word_1_310' title='bbox 1228 414 1298 436; x_wconf 86' lang='lat' dir='ltr'>eam</span> <span class='ocrx_word' id='word_1_311' title='bbox 1314 405 1501 445; x_wconf 82' lang='lat' dir='ltr'>prostituat3</span> <span class='ocrx_word' id='word_1_312' title='bbox 1525 404 1656 442; x_wconf 82' lang='lat' dir='ltr'>tertius,</span> <span class='ocrx_word' id='word_1_313' title='bbox 1676 413 1751 435; x_wconf 90' lang='lat' dir='ltr'>cum</span> <span class='ocrx_word' id='word_1_314' title='bbox 1765 405 1874 436; x_wconf 86' lang='lat' dir='ltr'>crede-</span> 
     </span>
     <span class='ocr_line' id='line_1_52' title="bbox 1100 456 1875 498; baseline -0.004 -8"><span class='ocrx_word' id='word_1_315' title='bbox 1100 459 1154 490; x_wconf 87' lang='lat' dir='ltr'>bat</span> <span class='ocrx_word' id='word_1_316' title='bbox 1166 459 1273 490; x_wconf 85' lang='lat' dir='ltr'>virum</span> <span class='ocrx_word' id='word_1_317' title='bbox 1288 459 1321 489; x_wconf 92' lang='lat' dir='ltr'>in</span> <span class='ocrx_word' id='word_1_318' title='bbox 1335 457 1418 489; x_wconf 90' lang='lat' dir='ltr'>bello</span> <span class='ocrx_word' id='word_1_319' title='bbox 1430 466 1498 488; x_wconf 89' lang='lat' dir='ltr'>esse</span> <span class='ocrx_word' id='word_1_320' title='bbox 1511 456 1707 495; x_wconf 80' lang='lat' dir='ltr'>defunctum,</span> <span class='ocrx_word' id='word_1_321' title='bbox 1723 459 1755 488; x_wconf 88' lang='lat' dir='ltr'>et</span> <span class='ocrx_word' id='word_1_322' title='bbox 1766 457 1875 498; x_wconf 87' lang='lat' dir='ltr'>nupsit</span> 
     </span>
     <span class='ocr_line' id='line_1_53' title="bbox 1100 510 1874 553; baseline -0.003 -10"><span class='ocrx_word' id='word_1_323' title='bbox 1100 512 1210 550; x_wconf 84' lang='lat' dir='ltr'>alteri;</span> <span class='ocrx_word' id='word_1_324' title='bbox 1233 513 1385 553; x_wconf 89' lang='lat' dir='ltr'>quartus,</span> <span class='ocrx_word' id='word_1_325' title='bbox 1407 511 1433 541; x_wconf 91' lang='lat' dir='ltr'>si</span> <span class='ocrx_word' id='word_1_326' title='bbox 1454 510 1585 550; x_wconf 87' lang='lat' dir='ltr'>cognita</span> <span class='ocrx_word' id='word_1_327' title='bbox 1599 512 1646 540; x_wconf 86' lang='lat' dir='ltr'>est</span> <span class='ocrx_word' id='word_1_328' title='bbox 1659 510 1700 541; x_wconf 90' lang='lat' dir='ltr'>ab</span> <span class='ocrx_word' id='word_1_329' title='bbox 1714 510 1813 541; x_wconf 82' lang='lat' dir='ltr'>altero</span> <span class='ocrx_word' id='word_1_330' title='bbox 1826 510 1874 541; x_wconf 85' lang='lat' dir='ltr'>la-</span> 
     </span>
     <span class='ocr_line' id='line_1_54' title="bbox 1101 563 1871 606; baseline -0.003 -9"><span class='ocrx_word' id='word_1_331' title='bbox 1101 568 1214 605; x_wconf 85' lang='lat' dir='ltr'>tenter,</span> <span class='ocrx_word' id='word_1_332' title='bbox 1238 575 1336 606; x_wconf 91' lang='lat' dir='ltr'>quem</span> <span class='ocrx_word' id='word_1_333' title='bbox 1359 564 1505 596; x_wconf 85' lang='lat' dir='ltr'>credebat</span> <span class='ocrx_word' id='word_1_334' title='bbox 1529 572 1598 595; x_wconf 88' lang='lat' dir='ltr'>esse</span> <span class='ocrx_word' id='word_1_335' title='bbox 1620 563 1730 595; x_wconf 90' lang='lat' dir='ltr'>virum</span> <span class='ocrx_word' id='word_1_336' title='bbox 1753 573 1871 603; x_wconf 88' lang='lat' dir='ltr'>suum;</span> 
     </span>
     <span class='ocr_line' id='line_1_55' title="bbox 1101 618 1872 660; baseline -0.003 -10"><span class='ocrx_word' id='word_1_337' title='bbox 1101 619 1233 660; x_wconf 86' lang='lat' dir='ltr'>quintus</span> <span class='ocrx_word' id='word_1_338' title='bbox 1247 621 1310 657; x_wconf 89' lang='lat' dir='ltr'>est,</span> <span class='ocrx_word' id='word_1_339' title='bbox 1329 619 1356 650; x_wconf 90' lang='lat' dir='ltr'>si</span> <span class='ocrx_word' id='word_1_340' title='bbox 1372 619 1432 649; x_wconf 83' lang='lat' dir='ltr'>fuit</span> <span class='ocrx_word' id='word_1_341' title='bbox 1447 618 1479 649; x_wconf 88' lang='lat' dir='ltr'>vi</span> <span class='ocrx_word' id='word_1_342' title='bbox 1494 626 1663 658; x_wconf 84' lang='lat' dir='ltr'>oppressa;</span> <span class='ocrx_word' id='word_1_343' title='bbox 1680 618 1790 648; x_wconf 78' lang='lat' dir='ltr'>sextus</span> <span class='ocrx_word' id='word_1_344' title='bbox 1805 619 1872 656; x_wconf 87' lang='lat' dir='ltr'>est,</span> 
     </span>
     <span class='ocr_line' id='line_1_56' title="bbox 1102 670 1874 713; baseline -0.003 -10"><span class='ocrx_word' id='word_1_345' title='bbox 1102 672 1230 713; x_wconf 82' lang='lat' dir='ltr'>quando</span> <span class='ocrx_word' id='word_1_346' title='bbox 1254 674 1323 712; x_wconf 89' lang='lat' dir='ltr'>post</span> <span class='ocrx_word' id='word_1_347' title='bbox 1349 671 1543 703; x_wconf 84' lang='lat' dir='ltr'>adulterium</span> <span class='ocrx_word' id='word_1_348' title='bbox 1566 670 1780 701; x_wconf 85' lang='lat' dir='ltr'>reconciliavit</span> <span class='ocrx_word' id='word_1_349' title='bbox 1803 679 1874 701; x_wconf 88' lang='lat' dir='ltr'>eam</span> 
     </span>
     <span class='ocr_line' id='line_1_57' title="bbox 1102 723 1876 765; baseline -0.003 -9"><span class='ocrx_word' id='word_1_350' title='bbox 1102 726 1178 764; x_wconf 75' lang='lat' dir='ltr'>sibi,</span> <span class='ocrx_word' id='word_1_351' title='bbox 1199 727 1231 756; x_wconf 93' lang='lat' dir='ltr'>et</span> <span class='ocrx_word' id='word_1_352' title='bbox 1250 725 1340 765; x_wconf 86' lang='lat' dir='ltr'>petiit</span> <span class='ocrx_word' id='word_1_353' title='bbox 1359 724 1520 762; x_wconf 77' lang='lat' dir='ltr'>debitum,</span> <span class='ocrx_word' id='word_1_354' title='bbox 1541 723 1695 763; x_wconf 84' lang='lat' dir='ltr'>septimus</span> <span class='ocrx_word' id='word_1_355' title='bbox 1709 726 1755 754; x_wconf 89' lang='lat' dir='ltr'>est</span> <span class='ocrx_word' id='word_1_356' title='bbox 1773 723 1876 754; x_wconf 87' lang='lat' dir='ltr'>rarior</span> 
     </span>
     <span class='ocr_line' id='line_1_58' title="bbox 1103 777 1876 817; baseline -0.004 -7"><span class='ocrx_word' id='word_1_357' title='bbox 1103 788 1212 816; x_wconf 82' lang='lat' dir='ltr'>casus,</span> <span class='ocrx_word' id='word_1_358' title='bbox 1234 780 1269 809; x_wconf 85' lang='lat' dir='ltr'>ut</span> <span class='ocrx_word' id='word_1_359' title='bbox 1283 778 1309 808; x_wconf 89' lang='lat' dir='ltr'>si</span> <span class='ocrx_word' id='word_1_360' title='bbox 1324 777 1459 809; x_wconf 82' lang='lat' dir='ltr'>infidelis</span> <span class='ocrx_word' id='word_1_361' title='bbox 1477 777 1657 817; x_wconf 82' lang='lat' dir='ltr'>repudiavit</span> <span class='ocrx_word' id='word_1_362' title='bbox 1674 786 1808 808; x_wconf 84' lang='lat' dir='ltr'>uxorem</span> <span class='ocrx_word' id='word_1_363' title='bbox 1821 801 1829 814; x_wconf 85' lang='lat'>‚</span> <span class='ocrx_word' id='word_1_364' title='bbox 1845 779 1876 808; x_wconf 84' lang='lat' dir='ltr'>et</span> 
     </span>
     <span class='ocr_line' id='line_1_59' title="bbox 1103 829 1876 871; baseline -0.004 -8"><span class='ocrx_word' id='word_1_365' title='bbox 1103 833 1156 863; x_wconf 85' lang='lat' dir='ltr'>iila</span> <span class='ocrx_word' id='word_1_366' title='bbox 1169 832 1270 863; x_wconf 87' lang='lat' dir='ltr'>nnbat</span> <span class='ocrx_word' id='word_1_367' title='bbox 1281 831 1317 871; x_wconf 84' lang='lat' dir='ltr'>(b)</span> <span class='ocrx_word' id='word_1_368' title='bbox 1331 830 1439 861; x_wconf 84' lang='lat' dir='ltr'>alteri:</span> <span class='ocrx_word' id='word_1_369' title='bbox 1456 831 1482 860; x_wconf 89' lang='lat' dir='ltr'>si</span> <span class='ocrx_word' id='word_1_370' title='bbox 1495 831 1601 861; x_wconf 85' lang='lat' dir='ltr'>veniat</span> <span class='ocrx_word' id='word_1_371' title='bbox 1612 830 1651 861; x_wconf 88' lang='lat' dir='ltr'>ad</span> <span class='ocrx_word' id='word_1_372' title='bbox 1663 830 1770 868; x_wconf 83' lang='lat' dir='ltr'>fidem,</span> <span class='ocrx_word' id='word_1_373' title='bbox 1785 829 1876 860; x_wconf 86' lang='lat' dir='ltr'>debet</span> 
     </span>
     <span class='ocr_line' id='line_1_60' title="bbox 1104 883 1874 925; baseline -0.005 -8"><span class='ocrx_word' id='word_1_374' title='bbox 1104 895 1175 917; x_wconf 86' lang='lat' dir='ltr'>eam</span> <span class='ocrx_word' id='word_1_375' title='bbox 1189 885 1328 925; x_wconf 86' lang='lat' dir='ltr'>recipere</span> <span class='ocrx_word' id='word_1_376' title='bbox 1340 908 1348 922; x_wconf 91' lang='lat'>,</span> <span class='ocrx_word' id='word_1_377' title='bbox 1365 892 1429 914; x_wconf 90' lang='lat' dir='ltr'>non</span> <span class='ocrx_word' id='word_1_378' title='bbox 1445 884 1589 914; x_wconf 82' lang='lat' dir='ltr'>obstante</span> <span class='ocrx_word' id='word_1_379' title='bbox 1603 883 1687 923; x_wconf 89' lang='lat' dir='ltr'>quod</span> <span class='ocrx_word' id='word_1_380' title='bbox 1701 883 1761 914; x_wconf 83' lang='lat' dir='ltr'>fuit</span> <span class='ocrx_word' id='word_1_381' title='bbox 1777 883 1874 914; x_wconf 82' lang='lat' dir='ltr'>torni—</span> 
     </span>
     <span class='ocr_line' id='line_1_61' title="bbox 1104 942 1182 971; baseline -0.013 0"><span class='ocrx_word' id='word_1_382' title='bbox 1104 942 1182 971; x_wconf 79' lang='lat' dir='ltr'>cata.</span> 
     </span>
    </p>

    <p class='ocr_par' dir='ltr' id='par_1_7' title="bbox 1105 990 1885 1673">
     <span class='ocr_line' id='line_1_62' title="bbox 1147 990 1880 1030; baseline -0.003 -6"><span class='ocrx_word' id='word_1_383' title='bbox 1147 993 1181 1024; x_wconf 88' lang='lat' dir='ltr'>ln</span> <span class='ocrx_word' id='word_1_384' title='bbox 1195 992 1398 1024; x_wconf 84' lang='lat' dir='ltr'>matrimonio</span> <span class='ocrx_word' id='word_1_385' title='bbox 1414 992 1567 1023; x_wconf 83' lang='lat' dir='ltr'>ratificato</span> <span class='ocrx_word' id='word_1_386' title='bbox 1580 993 1626 1022; x_wconf 87' lang='lat' dir='ltr'>est</span> <span class='ocrx_word' id='word_1_387' title='bbox 1637 990 1722 1022; x_wconf 79' lang='lat' dir='ltr'>aliud</span> <span class='ocrx_word' id='word_1_388' title='bbox 1736 991 1821 1030; x_wconf 88' lang='lat' dir='ltr'>quod</span> <span class='ocrx_word' id='word_1_389' title='bbox 1833 992 1880 1022; x_wconf 84' lang='lat' dir='ltr'>est</span> 
     </span>
     <span class='ocr_line' id='line_1_63' title="bbox 1105 1045 1880 1086; baseline -0.004 -8"><span class='ocrx_word' id='word_1_390' title='bbox 1105 1050 1229 1078; x_wconf 87' lang='lat' dir='ltr'>tantum</span> <span class='ocrx_word' id='word_1_391' title='bbox 1244 1048 1396 1086; x_wconf 83' lang='lat' dir='ltr'>signum,</span> <span class='ocrx_word' id='word_1_392' title='bbox 1419 1049 1455 1077; x_wconf 84' lang='lat' dir='ltr'>ut</span> <span class='ocrx_word' id='word_1_393' title='bbox 1474 1054 1645 1076; x_wconf 88' lang='lat' dir='ltr'>consensus</span> <span class='ocrx_word' id='word_1_394' title='bbox 1659 1045 1808 1082; x_wconf 80' lang='lat' dir='ltr'>exterior,</span> <span class='ocrx_word' id='word_1_395' title='bbox 1825 1053 1880 1084; x_wconf 89' lang='lat' dir='ltr'>per</span> 
     </span>
     <span class='ocr_line' id='line_1_64' title="bbox 1105 1098 1882 1140; baseline -0.005 -8"><span class='ocrx_word' id='word_1_396' title='bbox 1105 1101 1204 1132; x_wconf 82' lang='lat' dir='ltr'>verba</span> <span class='ocrx_word' id='word_1_397' title='bbox 1221 1103 1277 1131; x_wconf 84' lang='lat' dir='ltr'>aut</span> <span class='ocrx_word' id='word_1_398' title='bbox 1297 1103 1395 1131; x_wconf 87' lang='lat' dir='ltr'>nutus</span> <span class='ocrx_word' id='word_1_399' title='bbox 1417 1108 1606 1140; x_wconf 77' lang='lat' dir='ltr'>expressus3</span> <span class='ocrx_word' id='word_1_400' title='bbox 1627 1098 1713 1129; x_wconf 85' lang='lat' dir='ltr'>aliud</span> <span class='ocrx_word' id='word_1_401' title='bbox 1733 1098 1818 1138; x_wconf 91' lang='lat' dir='ltr'>quod</span> <span class='ocrx_word' id='word_1_402' title='bbox 1834 1100 1882 1128; x_wconf 84' lang='lat' dir='ltr'>est</span> 
     </span>
     <span class='ocr_line' id='line_1_65' title="bbox 1106 1152 1880 1191; baseline -0.005 -6"><span class='ocrx_word' id='word_1_403' title='bbox 1106 1157 1230 1185; x_wconf 88' lang='lat' dir='ltr'>tantum</span> <span class='ocrx_word' id='word_1_404' title='bbox 1246 1163 1296 1185; x_wconf 89' lang='lat' dir='ltr'>res</span> <span class='ocrx_word' id='word_1_405' title='bbox 1307 1178 1316 1191; x_wconf 86' lang='lat'>‚</span> <span class='ocrx_word' id='word_1_406' title='bbox 1340 1156 1375 1184; x_wconf 89' lang='lat' dir='ltr'>ut</span> <span class='ocrx_word' id='word_1_407' title='bbox 1395 1153 1472 1184; x_wconf 91' lang='lat' dir='ltr'>unio</span> <span class='ocrx_word' id='word_1_408' title='bbox 1489 1152 1542 1183; x_wconf 89' lang='lat' dir='ltr'>Dei</span> <span class='ocrx_word' id='word_1_409' title='bbox 1557 1154 1587 1183; x_wconf 89' lang='lat' dir='ltr'>et</span> <span class='ocrx_word' id='word_1_410' title='bbox 1601 1152 1718 1182; x_wconf 89' lang='lat' dir='ltr'>animae</span> <span class='ocrx_word' id='word_1_411' title='bbox 1735 1160 1791 1191; x_wconf 88' lang='lat' dir='ltr'>per</span> <span class='ocrx_word' id='word_1_412' title='bbox 1805 1159 1880 1190; x_wconf 80' lang='lat' dir='ltr'>gra-</span> 
     </span>
     <span class='ocr_line' id='line_1_66' title="bbox 1107 1204 1882 1247; baseline -0.006 -8"><span class='ocrx_word' id='word_1_413' title='bbox 1107 1208 1201 1245; x_wconf 88' lang='lat' dir='ltr'>tiam,</span> <span class='ocrx_word' id='word_1_414' title='bbox 1218 1217 1292 1247; x_wconf 83' lang='lat' dir='ltr'>quae</span> <span class='ocrx_word' id='word_1_415' title='bbox 1308 1210 1415 1238; x_wconf 86' lang='lat' dir='ltr'>tamen</span> <span class='ocrx_word' id='word_1_416' title='bbox 1430 1208 1476 1236; x_wconf 86' lang='lat' dir='ltr'>est</span> <span class='ocrx_word' id='word_1_417' title='bbox 1490 1205 1677 1245; x_wconf 85' lang='lat' dir='ltr'>separabilis</span> <span class='ocrx_word' id='word_1_418' title='bbox 1693 1213 1750 1244; x_wconf 88' lang='lat' dir='ltr'>per</span> <span class='ocrx_word' id='word_1_419' title='bbox 1766 1204 1882 1244; x_wconf 75' lang='lat' dir='ltr'>peccati</span> 
     </span>
     <span class='ocr_line' id='line_1_67' title="bbox 1108 1257 1881 1299; baseline -0.006 -7"><span class='ocrx_word' id='word_1_420' title='bbox 1108 1261 1249 1292; x_wconf 89' lang='lat' dir='ltr'>mortalis</span> <span class='ocrx_word' id='word_1_421' title='bbox 1265 1259 1565 1299; x_wconf 83' lang='lat' dir='ltr'>transgressionem,</span> <span class='ocrx_word' id='word_1_422' title='bbox 1583 1258 1664 1288; x_wconf 87' lang='lat' dir='ltr'>sicut</span> <span class='ocrx_word' id='word_1_423' title='bbox 1678 1257 1756 1288; x_wconf 89' lang='lat' dir='ltr'>illud</span> <span class='ocrx_word' id='word_1_424' title='bbox 1772 1257 1881 1287; x_wconf 80' lang='lat' dir='ltr'>matri-</span> 
     </span>
     <span class='ocr_line' id='line_1_68' title="bbox 1110 1310 1885 1353; baseline -0.009 -7"><span class='ocrx_word' id='word_1_425' title='bbox 1110 1315 1255 1346; x_wconf 88' lang='lat' dir='ltr'>monium</span> <span class='ocrx_word' id='word_1_426' title='bbox 1272 1316 1319 1345; x_wconf 78' lang='lat' dir='ltr'>est</span> <span class='ocrx_word' id='word_1_427' title='bbox 1333 1311 1508 1353; x_wconf 85' lang='lat' dir='ltr'>separabile</span> <span class='ocrx_word' id='word_1_428' title='bbox 1524 1320 1578 1351; x_wconf 86' lang='lat' dir='ltr'>per</span> <span class='ocrx_word' id='word_1_429' title='bbox 1593 1311 1777 1350; x_wconf 85' lang='lat' dir='ltr'>ingressum</span> <span class='ocrx_word' id='word_1_430' title='bbox 1790 1310 1823 1340; x_wconf 92' lang='lat' dir='ltr'>in</span> <span class='ocrx_word' id='word_1_431' title='bbox 1837 1318 1885 1340; x_wconf 90' lang='lat' dir='ltr'>re-</span> 
     </span>
     <span class='ocr_line' id='line_1_69' title="bbox 1107 1363 1882 1407; baseline -0.009 -8"><span class='ocrx_word' id='word_1_432' title='bbox 1107 1369 1260 1407; x_wconf 73' lang='lat' dir='ltr'>ligionem</span> <span class='ocrx_word' id='word_1_433' title='bbox 1275 1367 1308 1406; x_wconf 78' lang='lat' dir='ltr'>(c)</span> <span class='ocrx_word' id='word_1_434' title='bbox 1324 1378 1331 1404; x_wconf 91' lang='lat'>;</span> <span class='ocrx_word' id='word_1_435' title='bbox 1353 1365 1439 1397; x_wconf 84' lang='lat' dir='ltr'>aliud</span> <span class='ocrx_word' id='word_1_436' title='bbox 1454 1365 1539 1405; x_wconf 89' lang='lat' dir='ltr'>quod</span> <span class='ocrx_word' id='word_1_437' title='bbox 1555 1367 1602 1395; x_wconf 87' lang='lat' dir='ltr'>est</span> <span class='ocrx_word' id='word_1_438' title='bbox 1617 1373 1667 1395; x_wconf 86' lang='lat' dir='ltr'>res</span> <span class='ocrx_word' id='word_1_439' title='bbox 1682 1366 1713 1394; x_wconf 86' lang='lat' dir='ltr'>et</span> <span class='ocrx_word' id='word_1_440' title='bbox 1729 1363 1861 1402; x_wconf 84' lang='lat' dir='ltr'>signum</span> <span class='ocrx_word' id='word_1_441' title='bbox 1873 1387 1882 1400; x_wconf 95' lang='lat'>,</span> 
     </span>
     <span class='ocr_line' id='line_1_70' title="bbox 1109 1415 1883 1453; baseline -0.008 -1"><span class='ocrx_word' id='word_1_442' title='bbox 1109 1424 1142 1453; x_wconf 85' lang='lat' dir='ltr'>ut</span> <span class='ocrx_word' id='word_1_443' title='bbox 1159 1429 1332 1451; x_wconf 83' lang='lat' dir='ltr'>consensus</span> <span class='ocrx_word' id='word_1_444' title='bbox 1353 1419 1483 1449; x_wconf 78' lang='lat' dir='ltr'>interior</span> <span class='ocrx_word' id='word_1_445' title='bbox 1498 1418 1692 1448; x_wconf 86' lang='lat' dir='ltr'>animorum.</span> <span class='ocrx_word' id='word_1_446' title='bbox 1719 1416 1754 1447; x_wconf 91' lang='lat' dir='ltr'>In</span> <span class='ocrx_word' id='word_1_447' title='bbox 1774 1415 1883 1446; x_wconf 84' lang='lat' dir='ltr'>inatri-</span> 
     </span>
     <span class='ocr_line' id='line_1_71' title="bbox 1110 1470 1885 1509; baseline -0.009 -3"><span class='ocrx_word' id='word_1_448' title='bbox 1110 1475 1216 1506; x_wconf 90' lang='lat' dir='ltr'>monio</span> <span class='ocrx_word' id='word_1_449' title='bbox 1246 1474 1466 1504; x_wconf 83' lang='lat' dir='ltr'>consummato</span> <span class='ocrx_word' id='word_1_450' title='bbox 1497 1474 1544 1502; x_wconf 79' lang='lat' dir='ltr'>est</span> <span class='ocrx_word' id='word_1_451' title='bbox 1571 1474 1694 1501; x_wconf 86' lang='lat' dir='ltr'>tantum</span> <span class='ocrx_word' id='word_1_452' title='bbox 1730 1470 1861 1509; x_wconf 85' lang='lat' dir='ltr'>signum</span> <span class='ocrx_word' id='word_1_453' title='bbox 1876 1492 1885 1507; x_wconf 95' lang='lat'>,</span> 
     </span>
     <span class='ocr_line' id='line_1_72' title="bbox 1109 1523 1884 1563; baseline -0.01 -3"><span class='ocrx_word' id='word_1_454' title='bbox 1109 1537 1279 1560; x_wconf 87' lang='lat' dir='ltr'>consensus</span> <span class='ocrx_word' id='word_1_455' title='bbox 1294 1526 1452 1563; x_wconf 80' lang='lat' dir='ltr'>exterior3</span> <span class='ocrx_word' id='word_1_456' title='bbox 1469 1527 1594 1555; x_wconf 86' lang='lat' dir='ltr'>tantum</span> <span class='ocrx_word' id='word_1_457' title='bbox 1611 1533 1660 1554; x_wconf 87' lang='lat' dir='ltr'>res</span> <span class='ocrx_word' id='word_1_458' title='bbox 1671 1547 1678 1560; x_wconf 93' lang='lat'>,</span> <span class='ocrx_word' id='word_1_459' title='bbox 1696 1523 1773 1553; x_wconf 92' lang='lat' dir='ltr'>unio</span> <span class='ocrx_word' id='word_1_460' title='bbox 1791 1525 1884 1552; x_wconf 84' lang='lat' dir='ltr'>natu-</span> 
     </span>
     <span class='ocr_line' id='line_1_73' title="bbox 1111 1575 1884 1620; baseline -0.01 -7"><span class='ocrx_word' id='word_1_461' title='bbox 1111 1591 1220 1613; x_wconf 84' lang='lat' dir='ltr'>rarum</span> <span class='ocrx_word' id='word_1_462' title='bbox 1242 1578 1460 1620; x_wconf 65' lang='lat' dir='ltr'>inst-parabilis</span> <span class='ocrx_word' id='word_1_463' title='bbox 1479 1578 1511 1607; x_wconf 89' lang='lat' dir='ltr'>in</span> <span class='ocrx_word' id='word_1_464' title='bbox 1531 1577 1673 1614; x_wconf 79' lang='lat' dir='ltr'>Cbristo3</span> <span class='ocrx_word' id='word_1_465' title='bbox 1696 1585 1746 1606; x_wconf 76' lang='lat' dir='ltr'>res</span> <span class='ocrx_word' id='word_1_466' title='bbox 1766 1578 1796 1606; x_wconf 89' lang='lat' dir='ltr'>et</span> <span class='ocrx_word' id='word_1_467' title='bbox 1817 1575 1884 1614; x_wconf 84' lang='lat' dir='ltr'>sig-</span> 
     </span>
     <span class='ocr_line' id='line_1_74' title="bbox 1111 1630 1752 1673; baseline -0.012 -7"><span class='ocrx_word' id='word_1_468' title='bbox 1111 1645 1206 1673; x_wconf 89' lang='lat' dir='ltr'>num,</span> <span class='ocrx_word' id='word_1_469' title='bbox 1222 1642 1394 1665; x_wconf 85' lang='lat' dir='ltr'>consensus</span> <span class='ocrx_word' id='word_1_470' title='bbox 1412 1634 1543 1662; x_wconf 88' lang='lat' dir='ltr'>mutuus</span> <span class='ocrx_word' id='word_1_471' title='bbox 1557 1630 1752 1660; x_wconf 84' lang='lat' dir='ltr'>animorum.</span> 
     </span>
    </p>

    <p class='ocr_par' dir='ltr' id='par_1_8' title="bbox 1112 1682 2003 2202">
     <span class='ocr_line' id='line_1_75' title="bbox 1150 1682 2003 1723; baseline -0.012 -4"><span class='ocrx_word' id='word_1_472' title='bbox 1150 1688 1223 1719; x_wconf 85' lang='lat' dir='ltr'>&#39;l&#39;ria</span> <span class='ocrx_word' id='word_1_473' title='bbox 1244 1689 1318 1717; x_wconf 82' lang='lat' dir='ltr'>sunt</span> <span class='ocrx_word' id='word_1_474' title='bbox 1333 1687 1415 1716; x_wconf 83' lang='lat' dir='ltr'>bona</span> <span class='ocrx_word' id='word_1_475' title='bbox 1430 1683 1607 1723; x_wconf 75' lang='lat' dir='ltr'>conjugii&#39;,</span> <span class='ocrx_word' id='word_1_476' title='bbox 1630 1682 1747 1712; x_wconf 86' lang='lat' dir='ltr'>scilicet</span> <span class='ocrx_word' id='word_1_477' title='bbox 1767 1682 1885 1712; x_wconf 87' lang='lat' dir='ltr'>bonum</span> <span class='ocrx_word' id='word_1_478' title='bbox 1912 1693 2003 1714; x_wconf 62' lang='lat' dir='ltr'>Tnabe.</span> 
     </span>
     <span class='ocr_line' id='line_1_76' title="bbox 1112 1730 2003 1783; baseline -0.011 -10"><span class='ocrx_word' id='word_1_479' title='bbox 1112 1743 1201 1777; x_wconf 79' lang='lat' dir='ltr'>fidei,</span> <span class='ocrx_word' id='word_1_480' title='bbox 1220 1742 1341 1771; x_wconf 88' lang='lat' dir='ltr'>bonum</span> <span class='ocrx_word' id='word_1_481' title='bbox 1357 1739 1466 1779; x_wconf 83' lang='lat' dir='ltr'>prolis,</span> <span class='ocrx_word' id='word_1_482' title='bbox 1484 1738 1603 1768; x_wconf 86' lang='lat' dir='ltr'>bonum</span> <span class='ocrx_word' id='word_1_483' title='bbox 1623 1735 1823 1766; x_wconf 80' lang='lat' dir='ltr'>sacramenti.</span> <span class='ocrx_word' id='word_1_484' title='bbox 1841 1734 1888 1765; x_wconf 83' lang='lat' dir='ltr'>Fi·</span> <span class='ocrx_word' id='word_1_485' title='bbox 1898 1730 2003 1783; x_wconf 53' lang='lat' dir='ltr'>23:1⁸3an</span> 
     </span>
     <span class='ocr_line' id='line_1_77' title="bbox 1112 1788 1884 1834; baseline -0.013 -7"><span class='ocrx_word' id='word_1_486' title='bbox 1112 1797 1165 1827; x_wconf 86' lang='lat' dir='ltr'>des</span> <span class='ocrx_word' id='word_1_487' title='bbox 1176 1797 1233 1831; x_wconf 78' lang='lat' dir='ltr'>cst,</span> <span class='ocrx_word' id='word_1_488' title='bbox 1248 1793 1333 1834; x_wconf 86' lang='lat' dir='ltr'>quod</span> <span class='ocrx_word' id='word_1_489' title='bbox 1345 1801 1436 1823; x_wconf 83' lang='lat' dir='ltr'>suam</span> <span class='ocrx_word' id='word_1_490' title='bbox 1452 1792 1633 1829; x_wconf 70' lang='lat' dir='ltr'>cognoscat,</span> <span class='ocrx_word' id='word_1_491' title='bbox 1651 1792 1682 1819; x_wconf 86' lang='lat' dir='ltr'>et</span> <span class='ocrx_word' id='word_1_492' title='bbox 1697 1798 1761 1819; x_wconf 92' lang='lat' dir='ltr'>non</span> <span class='ocrx_word' id='word_1_493' title='bbox 1771 1788 1865 1819; x_wconf 83' lang='lat' dir='ltr'>aliam</span> <span class='ocrx_word' id='word_1_494' title='bbox 1878 1798 1884 1817; x_wconf 91' lang='lat'>:</span> 
     </span>
     <span class='ocr_line' id='line_1_78' title="bbox 1113 1841 1888 1881; baseline -0.01 -2"><span class='ocrx_word' id='word_1_495' title='bbox 1113 1853 1143 1879; x_wconf 81' lang='lat' dir='ltr'>et</span> <span class='ocrx_word' id='word_1_496' title='bbox 1156 1850 1215 1879; x_wconf 91' lang='lat' dir='ltr'>hoc</span> <span class='ocrx_word' id='word_1_497' title='bbox 1230 1851 1275 1878; x_wconf 62' lang='lat' dir='ltr'>eft</span> <span class='ocrx_word' id='word_1_498' title='bbox 1289 1848 1408 1877; x_wconf 87' lang='lat' dir='ltr'>bonum</span> <span class='ocrx_word' id='word_1_499' title='bbox 1423 1844 1520 1875; x_wconf 87' lang='lat' dir='ltr'>moris</span> <span class='ocrx_word' id='word_1_500' title='bbox 1532 1843 1646 1873; x_wconf 82' lang='lat' dir='ltr'>cadens</span> <span class='ocrx_word' id='word_1_501' title='bbox 1659 1842 1692 1872; x_wconf 90' lang='lat' dir='ltr'>in</span> <span class='ocrx_word' id='word_1_502' title='bbox 1706 1851 1823 1881; x_wconf 85' lang='lat' dir='ltr'>genere</span> <span class='ocrx_word' id='word_1_503' title='bbox 1834 1841 1888 1871; x_wconf 89' lang='lat' dir='ltr'>ho-</span> 
     </span>
     <span class='ocr_line' id='line_1_79' title="bbox 1113 1895 1888 1938; baseline -0.012 -5"><span class='ocrx_word' id='word_1_504' title='bbox 1113 1902 1203 1933; x_wconf 87' lang='lat' dir='ltr'>nesti.</span> <span class='ocrx_word' id='word_1_505' title='bbox 1226 1901 1350 1932; x_wconf 84' lang='lat' dir='ltr'>Bonum</span> <span class='ocrx_word' id='word_1_506' title='bbox 1372 1897 1468 1938; x_wconf 82' lang='lat' dir='ltr'>prolis</span> <span class='ocrx_word' id='word_1_507' title='bbox 1489 1896 1570 1927; x_wconf 86' lang='lat' dir='ltr'>cadit</span> <span class='ocrx_word' id='word_1_508' title='bbox 1593 1896 1625 1926; x_wconf 88' lang='lat' dir='ltr'>in</span> <span class='ocrx_word' id='word_1_509' title='bbox 1645 1904 1763 1935; x_wconf 84' lang='lat' dir='ltr'>genere</span> <span class='ocrx_word' id='word_1_510' title='bbox 1784 1895 1888 1925; x_wconf 81' lang='lat' dir='ltr'>conte-</span> 
     </span>
     <span class='ocr_line' id='line_1_80' title="bbox 1113 1949 1887 1989; baseline -0.012 -3"><span class='ocrx_word' id='word_1_511' title='bbox 1113 1955 1234 1986; x_wconf 74' lang='lat' dir='ltr'>rentis:</span> <span class='ocrx_word' id='word_1_512' title='bbox 1257 1954 1377 1983; x_wconf 76' lang='lat' dir='ltr'>confert</span> <span class='ocrx_word' id='word_1_513' title='bbox 1399 1951 1482 1981; x_wconf 80' lang='lat' dir='ltr'>enini</span> <span class='ocrx_word' id='word_1_514' title='bbox 1502 1950 1603 1989; x_wconf 87' lang='lat' dir='ltr'>proies</span> <span class='ocrx_word' id='word_1_515' title='bbox 1623 1949 1660 1979; x_wconf 86' lang='lat' dir='ltr'>ad</span> <span class='ocrx_word' id='word_1_516' title='bbox 1683 1949 1796 1988; x_wconf 72' lang='lat' dir='ltr'>speciei</span> <span class='ocrx_word' id='word_1_517' title='bbox 1813 1957 1887 1978; x_wconf 90' lang='lat' dir='ltr'>con-</span> 
     </span>
     <span class='ocr_line' id='line_1_81' title="bbox 1114 2001 1887 2042; baseline -0.012 -3"><span class='ocrx_word' id='word_1_518' title='bbox 1114 2008 1327 2039; x_wconf 79' lang='lat' dir='ltr'>servationem</span> <span class='ocrx_word' id='word_1_519' title='bbox 1341 2029 1348 2042; x_wconf 90' lang='lat'>‚</span> <span class='ocrx_word' id='word_1_520' title='bbox 1381 2008 1409 2035; x_wconf 88' lang='lat' dir='ltr'>et</span> <span class='ocrx_word' id='word_1_521' title='bbox 1437 2004 1476 2034; x_wconf 86' lang='lat' dir='ltr'>ad</span> <span class='ocrx_word' id='word_1_522' title='bbox 1501 2002 1628 2033; x_wconf 88' lang='lat' dir='ltr'>numeri</span> <span class='ocrx_word' id='word_1_523' title='bbox 1653 2001 1887 2041; x_wconf 75' lang='lat' dir='ltr'>perfectionem.</span> 
     </span>
     <span class='ocr_line' id='line_1_82' title="bbox 1116 2052 1888 2092; baseline -0.013 -1"><span class='ocrx_word' id='word_1_524' title='bbox 1116 2061 1238 2091; x_wconf 81' lang='lat' dir='ltr'>Bonum</span> <span class='ocrx_word' id='word_1_525' title='bbox 1260 2056 1449 2088; x_wconf 81' lang='lat' dir='ltr'>sacramenti</span> <span class='ocrx_word' id='word_1_526' title='bbox 1470 2055 1552 2085; x_wconf 88' lang='lat' dir='ltr'>cadit</span> <span class='ocrx_word' id='word_1_527' title='bbox 1567 2054 1598 2084; x_wconf 92' lang='lat' dir='ltr'>in</span> <span class='ocrx_word' id='word_1_528' title='bbox 1616 2062 1734 2092; x_wconf 79' lang='lat' dir='ltr'>genere</span> <span class='ocrx_word' id='word_1_529' title='bbox 1756 2052 1888 2082; x_wconf 81' lang='lat' dir='ltr'>delecta-</span> 
     </span>
     <span class='ocr_line' id='line_1_83' title="bbox 1115 2106 1890 2144; baseline -0.012 -1"><span class='ocrx_word' id='word_1_530' title='bbox 1115 2113 1208 2143; x_wconf 68' lang='lat' dir='ltr'>bilis:</span> <span class='ocrx_word' id='word_1_531' title='bbox 1232 2113 1319 2142; x_wconf 83' lang='lat' dir='ltr'>tanta</span> <span class='ocrx_word' id='word_1_532' title='bbox 1341 2112 1389 2140; x_wconf 74' lang='lat' dir='ltr'>est.</span> <span class='ocrx_word' id='word_1_533' title='bbox 1413 2108 1499 2138; x_wconf 73' lang='lat' dir='ltr'>onim</span> <span class='ocrx_word' id='word_1_534' title='bbox 1523 2107 1566 2137; x_wconf 88' lang='lat' dir='ltr'>ibi</span> <span class='ocrx_word' id='word_1_535' title='bbox 1591 2106 1686 2142; x_wconf 88' lang='lat' dir='ltr'>unio,</span> <span class='ocrx_word' id='word_1_536' title='bbox 1708 2108 1743 2135; x_wconf 90' lang='lat' dir='ltr'>nt</span> <span class='ocrx_word' id='word_1_537' title='bbox 1764 2107 1890 2144; x_wconf 83' lang='lat' dir='ltr'>propter</span> 
     </span>
     <span class='ocr_line' id='line_1_84' title="bbox 1116 2161 1888 2202; baseline -0.013 -5"><span class='ocrx_word' id='word_1_538' title='bbox 1116 2174 1249 2197; x_wconf 82' lang='lat' dir='ltr'>uxorem</span> <span class='ocrx_word' id='word_1_539' title='bbox 1265 2164 1424 2202; x_wconf 83' lang='lat' dir='ltr'>relinquat</span> <span class='ocrx_word' id='word_1_540' title='bbox 1440 2162 1536 2191; x_wconf 89' lang='lat' dir='ltr'>homo</span> <span class='ocrx_word' id='word_1_541' title='bbox 1559 2162 1681 2199; x_wconf 85' lang='lat' dir='ltr'>patrem</span> <span class='ocrx_word' id='word_1_542' title='bbox 1697 2161 1727 2189; x_wconf 86' lang='lat' dir='ltr'>et</span> <span class='ocrx_word' id='word_1_543' title='bbox 1743 2161 1888 2188; x_wconf 86' lang='lat' dir='ltr'>matrem.</span> 
     </span>
    </p>

    <p class='ocr_par' dir='ltr' id='par_1_9' title="bbox 1116 2212 1893 2681">
     <span class='ocr_line' id='line_1_85' title="bbox 1116 2212 1890 2257; baseline -0.013 -7"><span class='ocrx_word' id='word_1_544' title='bbox 1116 2220 1153 2250; x_wconf 80' lang='lat' dir='ltr'>Et</span> <span class='ocrx_word' id='word_1_545' title='bbox 1167 2219 1211 2249; x_wconf 87' lang='lat' dir='ltr'>sic</span> <span class='ocrx_word' id='word_1_546' title='bbox 1228 2219 1329 2257; x_wconf 87' lang='lat' dir='ltr'>patet,</span> <span class='ocrx_word' id='word_1_547' title='bbox 1351 2215 1435 2255; x_wconf 83' lang='lat' dir='ltr'>quod</span> <span class='ocrx_word' id='word_1_548' title='bbox 1457 2214 1516 2244; x_wconf 83' lang='lat' dir='ltr'>tria</span> <span class='ocrx_word' id='word_1_549' title='bbox 1531 2215 1605 2244; x_wconf 88' lang='lat' dir='ltr'>sunt</span> <span class='ocrx_word' id='word_1_550' title='bbox 1626 2213 1659 2242; x_wconf 89' lang='lat' dir='ltr'>in</span> <span class='ocrx_word' id='word_1_551' title='bbox 1679 2212 1828 2243; x_wconf 81' lang='lat' dir='ltr'>electione</span> <span class='ocrx_word' id='word_1_552' title='bbox 1843 2220 1890 2241; x_wconf 90' lang='lat' dir='ltr'>se-</span> 
     </span>
     <span class='ocr_line' id='line_1_86' title="bbox 1116 2265 1890 2307; baseline -0.013 -3"><span class='ocrx_word' id='word_1_553' title='bbox 1116 2273 1256 2303; x_wconf 85' lang='lat' dir='ltr'>cuudum</span> <span class='ocrx_word' id='word_1_554' title='bbox 1284 2268 1531 2307; x_wconf 81' lang='lat' dir='ltr'>Philosophum,</span> <span class='ocrx_word' id='word_1_555' title='bbox 1561 2266 1676 2296; x_wconf 85' lang='lat' dir='ltr'>scilicet</span> <span class='ocrx_word' id='word_1_556' title='bbox 1700 2265 1867 2296; x_wconf 87' lang='lat' dir='ltr'>honestum</span> <span class='ocrx_word' id='word_1_557' title='bbox 1882 2287 1890 2299; x_wconf 83' lang='grc'><em>,</em></span> 
     </span>
     <span class='ocr_line' id='line_1_87' title="bbox 1117 2317 1890 2359; baseline -0.012 -4"><span class='ocrx_word' id='word_1_558' title='bbox 1117 2325 1294 2359; x_wconf 76' lang='lat' dir='ltr'>conferens,</span> <span class='ocrx_word' id='word_1_559' title='bbox 1313 2325 1342 2352; x_wconf 70' lang='lat' dir='ltr'>ct</span> <span class='ocrx_word' id='word_1_560' title='bbox 1357 2320 1550 2351; x_wconf 83' lang='lat' dir='ltr'>delectabile.</span> <span class='ocrx_word' id='word_1_561' title='bbox 1574 2319 1609 2349; x_wconf 82' lang='lat' dir='ltr'>In</span> <span class='ocrx_word' id='word_1_562' title='bbox 1628 2319 1687 2348; x_wconf 86' lang='lat' dir='ltr'>hoc</span> <span class='ocrx_word' id='word_1_563' title='bbox 1703 2317 1816 2357; x_wconf 88' lang='lat' dir='ltr'>triplici</span> <span class='ocrx_word' id='word_1_564' title='bbox 1833 2325 1890 2355; x_wconf 86' lang='lat' dir='ltr'>ge-</span> 
     </span>
     <span class='ocr_line' id='line_1_88' title="bbox 1117 2372 1892 2412; baseline -0.014 -3"><span class='ocrx_word' id='word_1_565' title='bbox 1117 2388 1191 2409; x_wconf 87' lang='lat' dir='ltr'>nere</span> <span class='ocrx_word' id='word_1_566' title='bbox 1207 2380 1279 2407; x_wconf 71' lang='lat' dir='ltr'>sunt</span> <span class='ocrx_word' id='word_1_567' title='bbox 1300 2377 1382 2405; x_wconf 84' lang='lat' dir='ltr'>bona</span> <span class='ocrx_word' id='word_1_568' title='bbox 1403 2373 1543 2412; x_wconf 82' lang='lat' dir='ltr'>conjugii</span> <span class='ocrx_word' id='word_1_569' title='bbox 1564 2372 1750 2406; x_wconf 80' lang='lat' dir='ltr'>distributa;</span> <span class='ocrx_word' id='word_1_570' title='bbox 1772 2373 1801 2400; x_wconf 80' lang='lat' dir='ltr'>et</span> <span class='ocrx_word' id='word_1_571' title='bbox 1819 2372 1892 2399; x_wconf 88' lang='lat' dir='ltr'>sunt</span> 
     </span>
     <span class='ocr_line' id='line_1_89' title="bbox 1117 2421 1891 2463; baseline -0.014 -1"><span class='ocrx_word' id='word_1_572' title='bbox 1117 2432 1185 2462; x_wconf 74' lang='lat' dir='ltr'>haec</span> <span class='ocrx_word' id='word_1_573' title='bbox 1202 2432 1284 2460; x_wconf 89' lang='lat' dir='ltr'>bona</span> <span class='ocrx_word' id='word_1_574' title='bbox 1305 2437 1440 2459; x_wconf 77' lang='lat' dir='ltr'>numero</span> <span class='ocrx_word' id='word_1_575' title='bbox 1463 2427 1539 2460; x_wconf 87' lang='lat' dir='ltr'>tria,</span> <span class='ocrx_word' id='word_1_576' title='bbox 1564 2425 1639 2463; x_wconf 81' lang='lat' dir='ltr'>quia</span> <span class='ocrx_word' id='word_1_577' title='bbox 1653 2423 1691 2453; x_wconf 86' lang='lat' dir='ltr'>ad</span> <span class='ocrx_word' id='word_1_578' title='bbox 1706 2423 1786 2459; x_wconf 89' lang='lat' dir='ltr'>hoc,</span> <span class='ocrx_word' id='word_1_579' title='bbox 1807 2421 1891 2460; x_wconf 88' lang='lat' dir='ltr'>quod</span> 
     </span>
     <span class='ocr_line' id='line_1_90' title="bbox 1119 2476 1892 2518; baseline -0.014 -3"><span class='ocrx_word' id='word_1_580' title='bbox 1119 2484 1361 2515; x_wconf 72' lang='lat' dir='ltr'>matrimonium</span> <span class='ocrx_word' id='word_1_581' title='bbox 1377 2481 1416 2510; x_wconf 87' lang='lat' dir='ltr'>sit</span> <span class='ocrx_word' id='word_1_582' title='bbox 1432 2478 1636 2518; x_wconf 69' lang='lat' dir='ltr'>completum,</span> <span class='ocrx_word' id='word_1_583' title='bbox 1653 2476 1713 2506; x_wconf 82' lang='lat' dir='ltr'>tria</span> <span class='ocrx_word' id='word_1_584' title='bbox 1729 2476 1892 2515; x_wconf 84' lang='lat' dir='ltr'>potissime</span> 
     </span>
     <span class='ocr_line' id='line_1_91' title="bbox 1119 2529 1893 2578; baseline -0.016 -9"><span class='ocrx_word' id='word_1_585' title='bbox 1119 2538 1339 2578; x_wconf 78' lang='lat' dir='ltr'>requiruntur,</span> <span class='ocrx_word' id='word_1_586' title='bbox 1357 2534 1472 2564; x_wconf 81' lang='lat' dir='ltr'>scilieet</span> <span class='ocrx_word' id='word_1_587' title='bbox 1489 2529 1653 2565; x_wconf 78' lang='lat' dir='ltr'>institutio⁷</span> <span class='ocrx_word' id='word_1_588' title='bbox 1671 2538 1747 2559; x_wconf 79' lang='lat' dir='ltr'>usus</span> <span class='ocrx_word' id='word_1_589' title='bbox 1763 2531 1793 2558; x_wconf 53' lang='lat' dir='ltr'>et,</span> <span class='ocrx_word' id='word_1_590' title='bbox 1813 2529 1893 2558; x_wconf 81' lang='lat' dir='ltr'>i&#39;ruc-</span> 
     </span>
     <span class='ocr_line' id='line_1_92' title="bbox 1119 2583 1891 2622; baseline -0.016 0"><span class='ocrx_word' id='word_1_591' title='bbox 1119 2596 1179 2622; x_wconf 82' lang='lat' dir='ltr'>tus.</span> <span class='ocrx_word' id='word_1_592' title='bbox 1199 2591 1327 2621; x_wconf 81' lang='lat' dir='ltr'>Ratione</span> <span class='ocrx_word' id='word_1_593' title='bbox 1346 2584 1572 2619; x_wconf 74' lang='lat' dir='ltr'>institutionis,</span> <span class='ocrx_word' id='word_1_594' title='bbox 1590 2585 1635 2612; x_wconf 83' lang='lat' dir='ltr'>est</span> <span class='ocrx_word' id='word_1_595' title='bbox 1651 2583 1770 2612; x_wconf 89' lang='lat' dir='ltr'>bonum</span> <span class='ocrx_word' id='word_1_596' title='bbox 1787 2590 1891 2611; x_wconf 82' lang='lat' dir='ltr'>sacra-</span> 
     </span>
     <span class='ocr_line' id='line_1_93' title="bbox 1120 2633 1891 2681; baseline -0.018 -5"><span class='ocrx_word' id='word_1_597' title='bbox 1120 2645 1218 2676; x_wconf 85' lang='lat' dir='ltr'>menti</span> <span class='ocrx_word' id='word_1_598' title='bbox 1232 2655 1238 2681; x_wconf 91' lang='lat'>;</span> <span class='ocrx_word' id='word_1_599' title='bbox 1257 2643 1376 2673; x_wconf 84' lang='lat' dir='ltr'>ratione</span> <span class='ocrx_word' id='word_1_600' title='bbox 1390 2647 1467 2670; x_wconf 85' lang='lat' dir='ltr'>usus</span> <span class='ocrx_word' id='word_1_601' title='bbox 1482 2635 1588 2673; x_wconf 87' lang='lat' dir='ltr'>debiti,</span> <span class='ocrx_word' id='word_1_602' title='bbox 1607 2637 1654 2665; x_wconf 84' lang='lat' dir='ltr'>est</span> <span class='ocrx_word' id='word_1_603' title='bbox 1666 2635 1787 2664; x_wconf 90' lang='lat' dir='ltr'>bonum</span> <span class='ocrx_word' id='word_1_604' title='bbox 1800 2633 1891 2670; x_wconf 79' lang='lat' dir='ltr'>fidei3</span> 
     </span>
    </p>
   </div>
   <div class='ocr_carea' id='block_1_7' title="bbox 1895 1002 2000 1054">
    <p class='ocr_par' dir='ltr' id='par_1_10' title="bbox 1895 1002 2000 1054">
     <span class='ocr_line' id='line_1_94' title="bbox 1928 1002 2000 1036; baseline -0.014 -13"><span class='ocrx_word' id='word_1_605' title='bbox 1928 1002 2000 1036; x_wconf 73' lang='lat' dir='ltr'>Signi-</span> 
     </span>
     <span class='ocr_line' id='line_1_95' title="bbox 1895 1034 1974 1054; baseline -0.025 0"><span class='ocrx_word' id='word_1_606' title='bbox 1895 1034 1974 1054; x_wconf 71' lang='lat' dir='ltr'>fleme.</span> 
     </span>
    </p>
   </div>
   <div class='ocr_carea' id='block_1_8' title="bbox 1155 2697 1749 2735">
    <p class='ocr_par' dir='ltr' id='par_1_11' title="bbox 1155 2697 1749 2735">
     <span class='ocr_line' id='line_1_96' title="bbox 1155 2697 1749 2735; baseline -0.019 -4"><span class='ocrx_word' id='word_1_607' title='bbox 1155 2709 1158 2720; x_wconf 87' lang='lat'><strong>¹</strong></span> <span class='ocrx_word' id='word_1_608' title='bbox 1178 2708 1212 2730; x_wconf 70' lang='lat' dir='ltr'>itu</span> <span class='ocrx_word' id='word_1_609' title='bbox 1229 2703 1342 2735; x_wconf 79' lang='lat' dir='ltr'>Aug.‚de</span> <span class='ocrx_word' id='word_1_610' title='bbox 1353 2702 1411 2725; x_wconf 79' lang='lat' dir='ltr'>Gen.</span> <span class='ocrx_word' id='word_1_611' title='bbox 1425 2699 1458 2723; x_wconf 80' lang='lat' dir='ltr'>ad</span> <span class='ocrx_word' id='word_1_612' title='bbox 1471 2699 1533 2727; x_wconf 63' lang='lat' dir='ltr'>lin„</span> <span class='ocrx_word' id='word_1_613' title='bbox 1549 2697 1592 2720; x_wconf 78' lang='lat' dir='ltr'>lib.</span> <span class='ocrx_word' id='word_1_614' title='bbox 1610 2698 1651 2725; x_wconf 66' lang='lat' dir='ltr'>lx,</span> <span class='ocrx_word' id='word_1_615' title='bbox 1667 2704 1690 2720; x_wconf 80' lang='lat' dir='ltr'>c.</span> <span class='ocrx_word' id='word_1_616' title='bbox 1706 2702 1749 2720; x_wconf 70' lang='lat' dir='ltr'>vul.</span> 
     </span>
    </p>
   </div>
  </div>
 </body>
</html>
