2003 3037
193 178 252 209 32⁶
773 177 1028 216 BREVILOQUH
1049 177 1152 212 PARS
1171 179 1224 212 VI.

102 249 147 285 cur
191 244 299 276 lestis:
315 244 392 276 hinc
405 244 464 283 est,
481 244 568 284 quod
582 243 617 276 in
631 244 692 276 isto
705 247 904 278 sacramento
916 245 969 277 de-

68 280 121 340 1⁴2}ssss
127 286 179 333 ἓξὲ-
191 298 244 330 het
256 306 324 330 esse
338 297 446 329 oleum
458 297 596 338 simplex
605 299 636 330 et
646 300 877 338 consecratum,
892 299 969 339 quia

68 342 178 394 εῗζζξξξο,
190 351 389 383 sanctitatem
411 352 444 383 et
465 351 603 384 nitorem
623 351 771 393 designat
789 352 824 384 in
842 352 967 384 habita-

83 404 169 456 220‘2‘25-
189 404 262 436 culo
276 405 490 437 conscientiae.
507 404 589 443 Quia
601 414 679 438 vero
693 415 791 447 super
805 406 899 438 istam
912 415 967 438 sa-

68 441 96 486 J}
108 472 174 502 ,ωη-
188 458 290 491 lutem
303 458 448 490 mortalis
461 458 560 490 homo
574 468 641 491 non
651 459 748 491 habet
759 461 964 500 potestatem;

71 498 170 551 Θῖἶζῖζ
187 512 264 544 hinc
277 513 334 552 est,
350 512 438 553 quod
451 512 554 544 oratio
569 514 601 544 et
614 513 718 544 forma
731 513 849 545 vocalis
863 513 967 554 expri-

67 559 150 582 ¹¹¹¹⁰¹¹⁰·
187 566 287 598 mitur
302 574 360 606 per
379 565 517 598 verbum
538 566 788 607 deprecativum,
809 567 849 598 ad
867 567 967 608 impe-

187 619 339 652 trandum
352 620 468 660 gratiae
481 620 615 653 donum.
634 621 674 653 Et
689 621 844 662 quoniam
854 622 966 660 *anima

186 672 389 705 infirmitates
404 673 585 714 spirituales
602 675 762 706 contrahit
780 676 814 706 in
833 684 965 716 corpore

186 727 362 758 secundum
386 729 525 768 quatuor
546 727 680 760 virtutes
704 728 803 769 ipsius
821 729 965 770 corporis

185 780 358 820 regitivas,
381 780 501 813 scilicet
518 782 723 820 sensitivam,
748 782 963 824 interpretati-

186 843 279 874 vam,
307 835 546 875 generativam,
564 838 596 867 et
614 836 870 876 progressivam;
890 837 966 869 hinc

186 891 247 927 est,
264 889 348 930 quod
365 889 510 921 membra
525 889 575 920 his
593 890 767 922 virtutibus
780 890 963 923 deservien-

184 943 246 981 tia,
271 944 346 974 sunt
368 942 566 983 inungenda.
591 943 672 981 Quia
696 944 798 983 igitur
822 944 964 985 quinque

186 997 261 1028 sunt
270 996 416 1028 membra
426 997 637 1029 deservientia
649 997 792 1039 quinque
804 999 961 1038 sensibus,

186 1049 305 1082 scilicet
324 1050 409 1082 oculi
423 1051 522 1090 visui,
540 1061 634 1084 aures
651 1052 788 1091 auditui,
806 1062 900 1084 nares
914 1054 964 1084 ol-

185 1104 296 1143 factui,
318 1113 434 1136 manus
451 1105 565 1144 tactui,
582 1108 613 1136 et
627 1114 661 1137 os
675 1107 805 1146 gustui,
821 1109 851 1138 et
867 1107 963 1138 etiam

184 1157 238 1188 alii
259 1157 387 1196 virtuti,
408 1157 526 1190 scilicet
544 1158 807 1199 interpretativae‚
824 1163 855 1191 et
870 1161 964 1201 pedes

184 1211 371 1243 deserviunt
382 1213 581 1252 progressui,
594 1215 625 1244 et
636 1213 739 1244 lumbi
750 1207 961 1254 generationi,

184 1265 262 1306 quia
285 1265 439 1305 genitalia
459 1266 631 1306 indignum
655 1268 687 1298 et
709 1267 895 1307 pudendum
917 1270 964 1299 est

184 1318 392 1357 contrectari,
423 1322 454 1350 et
478 1320 573 1351 etiam
595 1321 774 1359 nominari3
800 1322 875 1353 hinc
899 1325 961 1361 est,

185 1372 271 1412 quod
294 1372 440 1404 inunctio
467 1372 559 1404 debet
583 1373 653 1405 fieri
680 1374 713 1405 in
739 1377 860 1415 septem
886 1375 963 1407 locis

185 1424 358 1465 praedictis,
382 1427 418 1457 ut
432 1426 478 1457 sic
494 1426 682 1466 disponatur
707 1427 804 1459 homo
826 1438 883 1469 per
903 1430 963 1461 hoc

184 1480 422 1510 sacramentum
438 1479 478 1511 ad
499 1479 730 1520 plenitudinem
749 1482 892 1514 sanitatis
907 1492 963 1523 per

184 1532 374 1564 deletionem
389 1533 494 1564 omnis
507 1533 642 1564 venialis
657 1535 785 1574 peccati.

224 1585 407 1624 Postremo,
421 1587 497 1626 quia
512 1586 607 1618 istius
624 1590 814 1620 sacramenti
830 1598 960 1630 suscep-

184 1640 229 1671 tio
243 1648 262 1670 a
274 1640 338 1670 fine
353 1639 518 1680 dependet,
534 1642 565 1672 et
579 1641 652 1672 finis
666 1644 713 1673 est
729 1642 867 1675 velocior
881 1647 963 1675 tran-

97 1700 169 1733 Quqrp
184 1693 266 1724 situs
287 1693 326 1724 ad
349 1693 465 1724 coelum
489 1703 546 1734 per
568 1694 796 1735 depositionem
817 1698 963 1729 omnium

73 1735 161 1781 ἷὲῗιιιῗῑῖ
184 1747 361 1778 venialium
371 1749 403 1779 et
413 1749 655 1779 conversionem
670 1751 785 1781 mentis
795 1751 834 1781 ad
846 1751 945 1782 Deum
954 1763 961 1789 ;

64 1791 165 1844 „gffisfm
187 1800 257 1831 ideo
272 1809 336 1831 non
356 1800 448 1831 debet
469 1801 537 1832 dari
553 1802 613 1832 nisi
631 1802 761 1841 adultis,
781 1804 836 1844 qui
855 1805 963 1836 venia-

186 1853 257 1884 liter
271 1855 418 1894 peccant;
436 1862 494 1885 nec
512 1854 672 1895 aliquibus
690 1857 750 1887 nisi
767 1858 961 1897 petentibus,

187 1907 244 1946 qui
265 1907 432 1939 devotione
456 1917 586 1940 sursum
607 1909 796 1948 eriguntur:
823 1921 881 1942 nec
906 1913 964 1943 ali-

186 1960 302 2000 quibus
316 1961 377 1992 nisi
396 1961 430 1992 in
448 1962 588 2002 periculo
603 1964 797 2003 constitutis,
821 1968 852 1996 et
872 1966 963 2005 quasi

93 2022 170 2042 Minis-
186 2013 220 2044 in
236 2014 373 2045 transitu
385 2015 425 2045 ad
439 2015 538 2046 alium
554 2018 683 2047 statum.
701 2017 738 2048 Et
755 2018 829 2057 quia
843 2018 903 2049 hoc
919 2028 965 2049 sa-

65 2054 172 2079 terhujus
521 2069 526 2074 .
562 2069 568 2074 .
644 2069 649 2074 .

81 2090 152 2104 sm„
187 2068 385 2098 eramentum
400 2070 447 2098 est
462 2068 721 2108 periclitantium,
737 2072 767 2101 et
783 2072 888 2102 tamen
904 2072 960 2102 ha—

65 2116 142 2136 m⁰¹²¹³·
187 2119 240 2151 bet
254 2121 422 2152 materiam
435 2130 575 2159 sacram,
597 2122 713 2153 scilicet
731 2123 838 2155 oleum
853 2133 961 2156 conse-

186 2175 328 2212 cratum3
352 2174 427 2205 hinc
445 2177 507 2213 est,
528 2175 612 2214 quod
635 2178 763 2216 propter
784 2178 961 2218 periculum

187 2227 372 2258 evitandum
393 2228 606 2259 communiter
628 2230 783 2260 committi
804 2231 897 2262 debet
911 2242 962 2263 sa—

186 2280 383 2320 cerdotibus,
409 2283 440 2311 et
460 2283 588 2321 propter
611 2284 880 2316 consecrationem
900 2286 960 2317 olei

187 2342 251 2364 non
270 2336 316 2364 est
334 2334 395 2364 nisi
410 2344 429 2364 a
447 2335 634 2366 consecratis
652 2337 801 2368 manibus
817 2341 960 2370 contrec-

186 2387 330 2418 tandum.
346 2387 392 2418 Ex
407 2388 583 2419 variatione
598 2389 698 2428 igitur
713 2391 786 2421 finis
801 2392 833 2422 iu
850 2394 961 2423 contir-

184 2440 338 2478 matione,
354 2443 385 2471 et
399 2441 548 2472 unctione
563 2444 722 2482 extrema,
739 2444 840 2475 oritur
854 2446 959 2476 diver-

183 2493 259 2524 sitas
273 2493 306 2524 in
320 2493 472 2532 efficacia,
491 2495 525 2525 in
538 2496 684 2535 materia,
700 2499 730 2527 et
745 2497 777 2527 in
793 2498 908 2536 fornia,
927 2499 959 2530 in

183 2546 262 2584 loco,
279 2548 309 2578 et
323 2547 357 2578 in
372 2549 524 2587 tempore,
541 2549 574 2579 in
589 2550 788 2590 suscipiente,
805 2554 836 2582 et
851 2552 882 2582 in
897 2553 959 2583 dis-

183 2601 334 2640 pensante
350 2611 357 2631 :
375 2601 408 2631 in
423 2601 570 2640 efficacia,
587 2603 663 2643 quia
681 2604 758 2635 illud
775 2614 956 2637 sacramen-

182 2656 251 2684 tum
269 2654 406 2695 disponit
430 2655 469 2686 ad
491 2655 605 2686 melius
626 2657 876 2697 agonizandum,
898 2660 956 2691 hoc

1025 245 1066 278 ad
1092 246 1229 279 celerius
1255 247 1467 288 evolandum3
1494 248 1530 280 in
1551 249 1706 290 materia,
1726 250 1804 292 quia

1025 298 1107 331 illud
1119 299 1155 330 in
1167 300 1237 332 oleo
1254 301 1414 342 permixto
1427 301 1587 342 balsamo,
1603 303 1665 335 hoc
1677 312 1755 347 vero
1769 305 1804 337 in

1025 352 1095 384 oleo
1108 362 1192 394 puro
1199 365 1208 393 ;
1224 354 1258 385 in
1272 355 1386 392 forma,
1397 355 1474 396 quia
1485 355 1565 388 illud
1575 355 1608 388 in
1621 356 1802 398 indicativa,

1023 405 1085 438 hoc
1099 415 1177 438 vero
1192 406 1226 438 in
1243 407 1464 448 deprecativa;
1486 409 1520 440 in
1539 409 1714 451 loco,‘quia
1725 410 1804 443 illud

1023 459 1058 491 in
1080 460 1199 500 fronte,
1222 459 1284 492 hoc
1304 461 1432 493 veroin
1451 461 1619 503 multiplici
1641 465 1731 503 parte
1737 472 1748 504 3
1770 463 1804 496 in

1023 514 1185 554 tempore,
1202 514 1372 555 quiaillud
1386 515 1420 546 in
1434 515 1569 548 sanitate
1578 539 1586 554 ,
1603 515 1665 548 hoc
1678 525 1755 548 vero
1769 517 1805 550 in

1023 566 1231 606 aegritudiue;
1253 568 1288 599 in
1309 569 1520 609 suscipiente,
1543 568 1619 610 quia
1636 569 1718 602 illud
1737 579 1804 602 non

1023 619 1129 651 solum
1151 620 1287 660 adultis,
1309 631 1425 654 verum
1440 623 1536 654 etiam
1558 623 1720 664 parvulis,
1743 623 1804 656 hoc

1023 683 1101 706 vero
1114 676 1241 707 tantum
1255 675 1388 715 adultis3
1406 677 1440 708 in
1454 677 1560 717 dante,
1576 678 1653 718 quia
1670 677 1749 710 illud
1762 679 1802 711 ab

1022 729 1192 770 episcopis,
1209 729 1270 761 hoc
1286 731 1394 762 autem
1405 740 1425 762 a
1437 732 1653 764 sacerdotibus
1665 733 1800 773 quihus-

1022 790 1172 822 cumque.
1185 782 1223 814 Et
1234 783 1304 815 haec
1316 784 1422 815 omnis
1439 783 1606 817 diversitas
1620 795 1639 817 a
1653 786 1718 817 fine
1733 795 1802 827 pro-

1022 836 1120 868 cedit:
1136 837 1227 877 quia,
1248 837 1330 869 sicut
1345 838 1473 877 claruit,
1490 838 1658 870 diversitas
1671 839 1706 870 in
1723 840 1800 871 fini-

1022 891 1084 922 bus
1098 891 1254 931 proximis
1267 891 1484 923 diversitatem
1499 892 1675 924 introducit
1687 893 1721 924 in
1736 893 1798 933 his,

1022 953 1094 984 quae
1113 945 1151 976 ad
1172 945 1253 976 fines
1271 945 1342 977 illos
1362 945 1481 977 habeut
1494 946 1632 978 finaliter
1647 946 1798 978 ordinari.

1287 1056 1429 1090 CAPUT
1453 1056 1526 1090 XlI.

1231 1137 1269 1163 De
1290 1137 1445 1171 i'nleqritate
1467 1137 1587 1165 Ordinis.

1061 1214 1103 1245 De
1119 1217 1316 1246 sacramento
1331 1215 1452 1246 ordinis
1466 1215 1537 1246 haec
1557 1215 1591 1246 in
1610 1225 1737 1248 summa
1752 1220 1796 1249 te-

1020 1267 1122 1298 nenda
1133 1269 1225 1298 sunt:
1240 1267 1325 1308 quod
1336 1268 1413 1300 ordo
1425 1270 1473 1299 est
1483 1268 1686 1309 signaculum
1699 1270 1797 1310 quod-

1019 1323 1109 1360 dam,
1125 1333 1190 1363 quo
1209 1323 1381 1363 spiritualis
1403 1326 1542 1364 potestas
1562 1325 1697 1356 traditur
1711 1326 1795 1356 ordi-

1019 1379 1104 1408 nato.
1119 1377 1205 1407 Licet
1218 1380 1326 1408 autem
1343 1378 1420 1409 ordo
1438 1378 1478 1408 sit
1498 1387 1600 1410 unum
1621 1379 1660 1410 de
1676 1382 1797 1419 septem

1019 1431 1241 1468 sacramentis,
1267 1431 1459 1471 septiformis
1481 1434 1587 1463 tamen
1607 1434 1654 1463 est
1678 1433 1798 1464 ordinis

1021 1483 1152 1523 gradus.
1179 1483 1307 1515 Primus
1330 1487 1377 1514 est
1403 1484 1435 1515 in
1460 1484 1617 1524 Ostiariis,
1639 1485 1797 1517 secundus

1020 1537 1051 1568 in
1070 1537 1262 1576 Lectoribus,
1280 1537 1395 1568 tertius
1411 1538 1442 1568 in
1458 1538 1628 1570 Exorcistis
1639 1563 1646 1577 ‚
1663 1541 1796 1579 quartus

1021 1591 1053 1622 in
1069 1591 1224 1631 Acolytis,
1241 1591 1375 1631 quintus
1392 1591 1425 1622 in
1445 1591 1667 1630 Subdiuconis,
1687 1595 1797 1623 sextus

1019 1642 1051 1673 in
1075 1643 1234 1680 Diaconis,
1261 1642 1415 1682 septimus
1438 1643 1470 1673 in
1491 1642 1725 1674 Sacerdotibus.
1742 1643 1797 1674 His

1019 1699 1126 1727 autcm
1145 1696 1236 1736 quasi
1253 1705 1309 1736 pei·
1326 1696 1458 1727 modum
1483 1696 1651 1736 cujusdam
1671 1705 1794 1737 praepa-

1020 1750 1128 1782 ratorii
1139 1750 1331 1790 supponitur
1341 1750 1492 1781 clericalis
1503 1752 1646 1789 tonsura,
1660 1752 1690 1781 et
1701 1751 1795 1782 etiam

1020 1804 1253 1841 Psalinistatus3
1278 1812 1334 1843 per
1362 1804 1493 1835 modum
1523 1806 1631 1835 autem
1657 1804 1797 1844 comple-

1019 1859 1116 1889 menti
1132 1858 1362 1897 superponitur
1373 1857 1590 1898 Episcopatus,
1606 1857 1798 1890 Patriarcha-

1019 1914 1087 1950 tus,
1104 1913 1134 1941 ct
1148 1911 1244 1941 etiam
1260 1909 1411 1949 Papatus;
1430 1919 1448 1941 a
1464 1911 1580 1950 quibus
1597 1913 1727 1942 manant
1741 1921 1796 1942 01·-

1019 1965 1117 2003 dines,
1131 1967 1160 1995 ct
1174 1964 1348 2003 dispensari
1364 1964 1478 1994 debent
1489 1963 1547 1994 sub
1560 1963 1673 1994 debitis
1684 1965 1795 2004 signis,

1019 2021 1083 2049 tam
1099 2027 1139 2048 ex
1155 2019 1243 2056 parte
1262 2017 1367 2053 visus,
1385 2024 1482 2055 quain
1498 2025 1537 2046 ex
1552 2018 1641 2056 parte
1655 2017 1793 2055 auditus,

1018 2071 1217 2102 solemnitate
1241 2070 1346 2100 debita
1371 2069 1582 2099 nihilominus
1608 2070 1792 2109 observata,

1018 2126 1174 2165 quantum
1202 2123 1241 2153 ad
1266 2125 1408 2162 tempus.
1435 2122 1556 2159 locum,
1580 2122 1738 2161 officium,
1765 2127 1795 2155 et

1019 2186 1197 2218 personam.

1059 2231 1147 2262 Ratio
1171 2232 1278 2260 autem
1300 2229 1339 2259 ad
1360 2228 1604 2267 intelligentiam
1624 2229 1793 2269 praedicto-

1017 2294 1101 2323 rum,
1119 2284 1188 2315 haec
1205 2284 1270 2313 est:
1288 2281 1364 2321 quia
1379 2281 1569 2321 principium
1585 2285 1731 2313 nostrum
1746 2292 1793 2314 re-

1016 2338 1218 2380 parativum,
1248 2335 1389 2367 Verbum
1425 2336 1543 2366 scilieet
1570 2336 1789 2375 incarnatum,

1015 2393 1100 2433 quia,
1119 2394 1154 2422 ut
1169 2391 1251 2422 Deus
1267 2393 1296 2421 et
1311 2390 1418 2428 homo,
1437 2393 1708 2421 sacramentorum
1723 2400 1791 2422 me-

1015 2446 1192 2477 dicamenta
1220 2444 1259 2474 ad
1288 2443 1424 2474 salutem
1452 2443 1621 2474 hominum
1654 2444 1790 2475 instituit

1014 2499 1173 2536 ordinate,
1198 2497 1328 2527 discrete
1351 2498 1382 2526 et
1404 2496 1589 2535 potestative
1614 2497 1788 2528 secundum

1013 2552 1211 2592 exigentiam
1227 2559 1295 2581 suae
1311 2549 1475 2586 bonitatis,
1493 2549 1655 2588 sapientiae
1676 2553 1706 2581 et
1723 2551 1786 2582 vir-

1013 2607 1105 2643 tutis—3
1124 2605 1197 2636 hinc
1211 2605 1275 2641 est,
1299 2602 1384 2643 quod
1404 2602 1471 2642 ipsa
1491 2602 1721 2634 medicamenta
1736 2613 1785 2635 sa-

1013 2662 1247 2691 cramentorum
1269 2655 1427 2688 commisit
1448 2656 1634 2688 hominibus
1655 2657 1784 2698 dispen-

1839 1391 1906 1411 διατι
1912 1401 1917 1406 ·

1832 1422 1899 1443 menti

1821 1453 1904 1474 ordinis

1822 1486 1905 1512 septem

1812 1515 1901 1542 gradun.
