2003 3037
126 1436 197 1456 Artium

101 1467 136 1487 lus
146 1466 207 1493 quai.

119 1977 155 1998 >pt
166 1980 179 1991 ιι

121 2005 180 2023 finvtu
191 2016 197 2018 -

122 2041 168 2055 BCS.

183 1975 209 1991 t:-

212 238 272 270 408

212 303 310 335 etiam
329 305 450 344 septem
471 306 618 345 respectu
638 305 848 338 humanitatis
862 306 988 346 Christi,

209 359 305 397 juxta
318 360 439 398 septem
454 361 544 390 actus
557 360 766 401 principales,
782 370 863 402 quos
879 361 918 392 ad
939 370 989 393 re-

212 410 410 451 parationem
426 415 570 444 nostram
590 413 743 446 Dominus
763 414 846 445 Deus
860 414 989 446 ordina-

213 463 270 495 vit.
301 463 428 496 Primus
455 465 515 497 fuit
542 466 719 506 incarnari,
746 467 868 498 habens
894 477 991 499 suum

213 517 384 549 articulum
405 529 413 550 ε
441 519 503 557 Qui
528 523 695 561 conceptus
721 523 767 553 est
792 520 831 553 de
856 522 992 562 Spiritu

213 574 336 604 sancto.
361 571 526 604 Secundus
546 573 605 605 fuit
628 575 726 614 nasci,
752 574 874 605 habens
895 585 992 606 suum

213 624 385 656 articulum
403 636 410 656 :
433 625 536 658 Natus
558 635 600 659 ex
623 628 732 660 Maria
751 629 890 668 virqz‘ne.
911 628 993 660 Ter·

215 677 278 708 tius
292 678 352 709 fuit
372 679 510 718 pretium
529 689 587 720 pro
602 681 693 712 nobis
711 681 852 720 solvere,
870 682 994 713 habens

215 739 312 761 suum
324 731 496 764 articulum
515 744 522 764 :
542 733 660 766 Passus
674 734 731 766 sub
747 734 859 767 Pontio
874 735 992 775 Pilato,

215 784 417 824 crucifixus,
440 790 600 821 mortuus.
626 789 655 819 et
676 789 830 828 sepultus.
856 787 995 826 Quartus

216 838 277 869 tuit
287 838 404 869 inferos
415 840 554 879 visitare,
566 840 689 872 habens
697 850 793 872 suum
804 842 992 874 articulum:

218 891 386 925 Descendit
400 893 444 925 ad
457 894 594 933 inferna.
608 894 743 932 Quintus
757 895 818 926 fuit
833 897 995 927 infernum

217 946 373 986 spoliare,
399 946 521 978 habens
543 958 640 980 suum
667 949 860 980 articulum:
890 950 997 982 Tertia

218 999 272 1031 die
287 1001 466 1033 resurrexit
481 1010 502 1033 α
515 1003 664 1034 mortuis.
689 1002 805 1034 Sextus
826 1003 885 1034 suit
900 1004 997 1035 coele-

219 1053 278 1084 stia
292 1054 532 1094 transcendere,
549 1056 672 1087 habens
687 1066 782 1087 suum
799 1058 974 1089 articulum
987 1069 994 1089 :

218 1107 373 1140 Ascendit
393 1107 438 1140 ad
453 1109 560 1148 coelos,
580 1109 666 1142 sedet
685 1110 729 1141 att
750 1111 916 1143 dexteram
940 1112 998 1144 Dei

220 1160 328 1192 Pacrt's
353 1163 591 1202 omnipotentis.
618 1164 781 1204 Septimus
806 1165 866 1195 erit
887 1166 998 1197 venire

220 1213 259 1244 ad
270 1214 442 1253 judicium,
459 1216 578 1247 habens
593 1226 690 1248 suum
707 1218 878 1249 articulum
893 1228 900 1248 :
918 1219 998 1252 Inde

220 1269 374 1299 venturus
396 1272 441 1300 est
456 1269 609 1308 judicare
630 1272 720 1303 vivos
743 1275 772 1303 ec
794 1276 944 1304 mortuos.
962 1273 1000 1304 Et

221 1320 266 1350 sie
290 1323 366 1351 sunt
387 1325 506 1361 septem
532 1324 656 1355 articuli
678 1328 822 1364 respectu
847 1326 997 1357 humani—

222 1374 294 1404 tatis
323 1374 447 1405 Christi.
479 1376 638 1408 Dit'tinitut·
665 1380 772 1409 autem
797 1388 815 1409 a
845 1378 1000 1411 Ricliardo

202 1427 375 1458 -articulus
400 1428 470 1459 sic:
500 1441 514 1458 «
538 1430 698 1462 Articulus
724 1435 770 1462 est
799 1433 1000 1464 indivisibilis

225 1482 341 1511 veritas
354 1482 392 1512 de
409 1482 481 1520 Deo,
499 1486 624 1514 arctans
637 1494 695 1515 nos
710 1486 747 1516 ad
763 1486 967 1517 credendum.
982 1497 996 1515 n

224 1534 272 1564 Ab
288 1534 408 1566 Isidoro
423 1545 499 1566 vero
514 1537 557 1567 sic
575 1547 582 1566 z
601 1549 616 1566 α
633 1538 794 1570 Articulus
810 1543 855 1570 est
871 1549 999 1581 percep-

224 1587 268 1618 tio
296 1589 438 1619 veritatis
466 1589 596 1627 divinae,
626 1592 759 1622 tendens
784 1592 818 1623 in
848 1593 959 1633 ipsam.
983 1605 997 1622 n

226 1639 332 1671 Prima
355 1641 501 1673 diffinitio
522 1652 586 1673 non
608 1647 732 1676 tantum
755 1647 904 1677 convenit
923 1648 1001 1678 arti—

225 1695 297 1725 culo
311 1695 458 1734 formato,
476 1697 529 1727 scd
547 1698 642 1728 etiam
657 1699 795 1730 informi.

449 1804 597 1838 SECTIO
622 1806 777 1840 XXXIX.

553 1888 590 1913 De
609 1888 670 1923 Spe.

267 1963 418 2003 Sequitur
433 1964 538 1994 videre
559 1965 596 1996 de
616 1975 689 2005 spe:
713 1968 795 1998 circa
818 1979 913 2007 quani
932 1980 1004 2010 pos-

228 2025 340 2046 sumus
362 2018 560 2050 considerare
581 2023 730 2058 quatuor,
757 2022 870 2052 scilicet
886 2023 1004 2053 ‹listini-

229 2069 359 2108 tionem,
368 2070 663 2109 aequivocationem,
676 2077 720 2103 act
728 2084 764 2104 ns
774 2075 1004 2114 excellentiam,

229 2126 259 2153 et
281 2133 354 2153 cun]
385 2124 446 2154 fide
469 2124 691 2156 ‹litii·1·ex1tia111.
722 2128 817 2166 Spes,
843 2129 875 2159 in
903 2140 1005 2170 quan-

230 2181 296 2208 tuni
313 2181 359 2208 est
379 2187 496 2208 nomen
513 2180 706 2218 allectionis,
724 2181 879 2214 diffinitur
894 2193 911 2214 a
929 2183 1007 2215 Phi-

231 2231 362 2271 losopho
377 2237 404 2261 ¹:
427 2244 440 2260 a
459 2232 536 2272 Spes
553 2237 597 2263 est
614 2235 749 2274 suspicio
770 2237 869 2267 futuri
885 2238 971 2269 boui.
987 2250 1002 2266 n

231 2283 266 2313 ln
282 2288 439 2323 quantuni
457 2288 503 2315 est
518 2294 636 2316 nomen
654 2287 789 2327 virtutis,
808 2290 909 2320 trihus
925 2291 1008 2322 diffi-

231 2337 405 2368 nitionibus
438 2339 629 2371 notificatur.
666 2340 772 2372 Prima
805 2346 851 2373 est
886 2344 954 2375 haec
975 2348 1004 2375 ²:

235 2402 248 2419 α
267 2391 344 2430 Spes
365 2394 411 2422 est
426 2392 543 2431 virtus,
563 2404 628 2433 qua
645 2395 821 2434 spiritualia
842 2400 871 2427 ct
888 2401 1008 2429 aeterua

230 2443 314 2474 bona
333 2449 512 2483 sperantur,
530 2447 559 2476 id
578 2451 638 2484 est,
656 2458 729 2478 cuin
756 2449 872 2480 tiducia
890 2461 1005 2491 expec-

231 2499 350 2527 tantur.
369 2508 383 2525 ›>
405 2497 466 2528 Ista
482 2499 658 2538 spiritualia
673 2501 756 2532 bona
772 2507 902 2541 possunt
917 2505 1006 2536 intel-

230 2549 289 2589 ligi
303 2551 397 2581 venia
414 2554 626 2590 peccatorum,
640 2554 744 2592 gratia
759 2556 960 2595 meritorum,
976 2561 1007 2588 et

230 2605 333 2644 gloria
348 2605 567 2644 praemiorum,
584 2609 619 2637 ut
635 2607 755 2638 dicatur
772 2610 920 2648 quiedam
936 2621 1007 2652 spes

230 2659 350 2694 veniae.
377 2659 526 2699 quaedam
552 2661 680 2698 gratiae,
707 2663 856 2701 quaedam
880 2665 1005 2703 gloriae.

260 2723 270 2738 ⁰
281 2722 366 2752 Arist„
378 2722 458 2753 itaet..
472 2722 514 2746 lib.
533 2725 550 2746 Η
561 2741 567 2751 ,
583 2731 605 2747 c.
623 2730 645 2747 v.
657 2737 687 2743 —
699 2725 706 2740 ³
718 2726 784 2755 Mag.
805 2727 885 2757 Sena,
901 2728 943 2752 lib.
962 2730 1004 2759 111,

863 239 1170 280 CENTILOQUIUM.

1046 308 1192 342 Secunda
1214 311 1285 344 haec
1305 316 1372 344 est:
1398 325 1414 344 a
1433 313 1512 355 Spes
1531 317 1580 347 est
1601 321 1688 348 certa
1705 326 1822 359 expet>-

1044 363 1122 394 tatio
1147 364 1265 397 futurae
1291 367 1511 408 beatitudinis,
1540 369 1672 401 veniens
1698 379 1740 402 ex
1766 369 1823 403 Dei

1046 417 1166 456 gratia,
1190 421 1221 450 et
1242 420 1365 452 meritis
1387 421 1652 462 praecedentibus.
1677 434 1693 453 i>
1717 423 1824 456 Tertia

1047 473 1095 502 est
1114 471 1291 512 Augustini
1309 474 1399 506 haec:
1424 487 1439 505 (ι
1458 475 1536 516 Spes
1550 478 1597 508 est
1617 477 1739 516 virtus,
1760 487 1825 518 qua

1047 525 1119 564 quis
1136 534 1170 556 se.
1186 525 1225 556 ad
1244 526 1338 566 illud,
1359 528 1444 568 quod
1460 529 1574 568 credit,
1590 533 1824 571 perventurum

1049 579 1226 618 praesumit.

1089 632 1250 673 Accipitur
1259 637 1366 666 autem
1372 636 1610 668 multiformiter
1617 646 1735 669 nomen
1745 638 1824 679 spei.

1050 684 1232 725 Aliquando
1257 687 1343 718 enim
1367 689 1512 721 nominat
1533 690 1751 731 affectionem,
1775 699 1825 723 se-

1050 739 1192 771 eundum
1207 740 1291 780 quod
1307 740 1382 772 dicit
1395 741 1524 774 Boetius
1537 744 1549 761 ³
1562 754 1583 774 ι,

1256 822 1354 846 Gaudia
1370 822 1449 854 pelle,

1257 858 1324 883 Pelle
1339 858 1474 890 timorem,

1255 895 1384 925 Spemque
1398 894 1499 926 fugato,

1255 931 1308 955 Nec
1322 930 1396 955 dolor
1410 930 1482 956 adsit.

1093 1010 1270 1050 Aliquando
1292 1011 1436 1042 nominat
1459 1011 1606 1043 habitum
1629 1013 1773 1052 virtutis,
1799 1015 1831 1044 et

1052 1066 1129 1095 tunc
1147 1073 1218 1104 spes
1232 1073 1297 1095 non
1313 1064 1409 1096 habet
1424 1067 1532 1096 ortum
1549 1074 1589 1096 ex
1611 1065 1750 1105 meritis,
1773 1066 1829 1098 sed

1053 1126 1094 1148 ex
1112 1126 1149 1148 ea
1168 1117 1281 1148 merita
1303 1118 1462 1149 oriuntur.
1486 1118 1668 1159 Aliquando
1684 1120 1830 1152 nominat

1054 1170 1181 1201 virtutis
1194 1172 1313 1208 actum,
1325 1173 1356 1202 et
1369 1173 1446 1202 tunc
1459 1180 1530 1212 spes
1539 1171 1642 1203 oritur
1656 1181 1697 1203 ex
1711 1172 1830 1205 intuitu

1054 1223 1254 1255 meritorum.
1272 1223 1372 1256 Nemo
1395 1225 1482 1255 enim
1504 1228 1590 1257 recte
1609 1235 1642 1257 se
1666 1228 1772 1266 sperat
1791 1226 1831 1258 ad

1055 1276 1282 1308 beatitudinem
1312 1281 1563 1317 perventurum,
1594 1278 1656 1309 nisi
1685 1279 1740 1319 qui
1768 1278 1832 1311 Deo

1055 1330 1164 1368 servit,
1186 1330 1237 1361 vel
1259 1331 1380 1362 servire
1399 1332 1556 1371 proponit.
1574 1331 1753 1372 Aliquando
1771 1341 1830 1363 no-

1056 1383 1157 1414 minat
1173 1383 1299 1414 virtutis
1321 1387 1455 1424 statum,
1473 1387 1504 1416 et
1526 1388 1602 1416 tunc
1618 1395 1689 1426 spes
1707 1395 1748 1417 ex
1767 1395 1833 1417 me-

1056 1436 1123 1467 ritis
1152 1437 1437 1469 concomitantibus
1464 1439 1560 1470 hahet
1587 1442 1713 1478 ortum,
1738 1441 1834 1479 Juxta

1057 1489 1134 1520 illud
1151 1488 1240 1520 Pauli
1250 1493 1274 1520 ‘t
1293 1491 1442 1524 probatio
1457 1496 1605 1532 operatur
1619 1501 1716 1533 spem,
1731 1494 1763 1525 id
1773 1496 1831 1532 est,

1057 1544 1279 1575 certitudinem
1299 1546 1475 1577 seeundum
1496 1546 1656 1578 Glossam:
1675 1548 1714 1579 ad
1734 1557 1834 1588 quam

1057 1598 1278 1629 certitudinem
1294 1600 1446 1640 perbona
1461 1609 1568 1641 opera,
1581 1604 1613 1632 et
1624 1602 1763 1634 maxime
1777 1611 1834 1642 per

1058 1651 1264 1683 adversorum
1302 1654 1500 1686 tolerantiam
1537 1656 1736 1695 pervenitur.
1768 1656 1835 1687 Ali-

1059 1705 1186 1744 quando
1200 1706 1345 1737 nominat
1359 1707 1487 1738 virtutis
1502 1708 1687 1746 terminum,
1699 1709 1768 1741 sive
1783 1709 1836 1741 ob—

1057 1760 1194 1797 jectum,
1211 1759 1241 1789 id
1257 1762 1316 1797 est,
1338 1769 1405 1791 reni
1426 1764 1600 1800 speratam,
1619 1763 1735 1793 scilicet
1759 1763 1835 1794 bea—

1059 1813 1228 1844 titudinem
1257 1815 1501 1854 sempiternam,
1536 1819 1567 1847 et
1596 1819 1672 1848 tunc
1697 1826 1769 1857 spes
1795 1827 1836 1849 ex

1062 1867 1166 1905 gratia
1177 1870 1206 1897 et
1218 1868 1338 1898 meritis
1350 1870 1601 1908 praecedentibus
1610 1870 1706 1902 habet
1715 1874 1834 1903 ortum.

1062 1920 1098 1951 Et
1114 1921 1157 1950 sie
1172 1930 1243 1960 spes
1259 1921 1372 1959 virtus
1389 1923 1564 1954 secundum
1580 1924 1716 1963 primani
1732 1934 1838 1965 accep-

1061 1974 1212 2004 tationem
1236 1975 1306 2013 sui,
1334 1977 1483 2014 praecedit
1506 1978 1635 2016 nierita;
1661 1978 1837 2009 secundum

1062 2027 1223 2065 nltimam,
1248 2029 1410 2068 sequitur;
1434 2030 1610 2061 secundum
1632 2031 1712 2062 duas
1735 2031 1834 2062 inter-

1063 2080 1193 2118 medias,
1211 2082 1354 2120 sequitur
1368 2085 1399 2112 et
1414 2083 1573 2122 praecedit.

1103 2133 1203 2163 llabet
1226 2137 1331 2165 autem
1361 2145 1432 2175 spes
1461 2137 1679 2168 excellentiam
1707 2137 1741 2169 in
1764 2140 1838 2170 actu

1061 2195 1127 2216 suo.
1146 2186 1225 2217 Nam
1241 2187 1361 2218 habeus
1382 2191 1553 2229 potentiam
1576 2191 1765 2222 irascibilem
1780 2201 1838 2232 pro

1062 2240 1218 2279 subjecto,
1251 2242 1408 2272 virtutum
1442 2243 1571 2275 habitus
1603 2246 1836 2285 praesupponit,

1062 2294 1179 2333 quibus
1196 2296 1424 2335 supereminet,
1443 2299 1479 2327 ut
1498 2297 1620 2336 regina.
1638 2297 1738 2329 Habet
1753 2299 1838 2329 enim

1061 2347 1227 2378 irascibilis
1259 2348 1405 2379 detestari
1439 2350 1522 2380 mala
1555 2351 1674 2391 culpae,
1704 2351 1838 2382 tolerare

1063 2401 1145 2431 mala
1161 2410 1275 2441 poenae,
1292 2402 1427 2441 aggredi
1442 2403 1612 2441 terribilia,
1629 2404 1712 2443 erigi
1727 2404 1766 2434 ad
1784 2414 1836 2435 ar-

1062 2454 1133 2484 dua.
1159 2455 1207 2485 Ad
1236 2454 1475 2486 detestationem
1499 2457 1601 2496 culpze
1624 2457 1755 2495 alienae,
1786 2467 1837 2489 re-

1061 2507 1158 2546 quirit
1186 2508 1266 2538 iram
1296 2518 1350 2548 per
1379 2509 1499 2546 zelum3
1527 2509 1566 2540 ad
1596 2510 1837 2542 detestationem

1062 2560 1163 2599 ‹¹quae
1188 2561 1342 2601 propriae,
1367 2562 1501 2602 requirit
1529 2563 1765 2602 poenitentiain3
1796 2565 1835 2595 ad

1062 2614 1296 2653 perpessionem
1314 2615 1470 2646 malorum
1493 2625 1610 2655 poenae,
1627 2618 1761 2657 requirit
1783 2627 1836 2658 pa-

1061 2695 1117 2717 dist.
1145 2700 1214 2724 xxx-1,
1237 2695 1311 2725 hujus
1333 2695 1392 2718 edit.
1417 2698 1478 2719 tom.
1497 2696 1537 2724 iv,
1554 2703 1578 2726 p.
1603 2698 1699 2721 iitit.—-
1718 2698 1728 2714 ³
1749 2698 1830 2729 Boet.,

1061 2730 1090 2752 ‹lc
1102 2730 1200 2753 Consul.
1220 2730 1322 2759 brutos„
1339 2729 1381 2754 lib.
1400 2731 1417 2762 l,
1433 2733 1507 2756 metr.
1521 2733 1543 2756 7.
1554 2745 1585 2751 —
1600 2733 1610 2749 ⁸
1623 2733 1703 2763 Rom„
1714 2739 1739 2764 v,
1755 2735 1777 2759 4.

1880 2163 1958 2183 Exeat-

1874 2193 1942 2215 lentis

1862 2226 1909 2252 spei
1927 2226 1950 2246 in

1853 2264 1893 2278 suo
1900 2259 1958 2279 actu.
