2003 3037
766 172 883 205 PART.
908 172 962 204 111.
985 171 1091 205 SECT.
1114 171 1219 205 XLVI.

80 245 167 298 ῗὲζὲξζ
191 243 257 272 tam
274 241 461 281 corporalia,
474 250 571 281 quam
588 239 776 281 spiritualia.
788 240 970 281 corporalia

72 314 175 335 oorpm-
192 297 268 326 sunt
291 297 428 335 septem,
453 294 514 326 hoc
537 293 693 326 versiculo
715 294 967 334 comprehensa:

71 339 109 361 ¹¹⁸·
218 374 309 405 Visito,
319 375 391 406 poto,
402 375 469 406 cibo,
481 373 589 405 redimo,
603 375 672 405 tego,
685 374 788 405 colligo,
799 374 898 399 condo:

235 454 380 492 Quorum
401 454 590 486 sufficientia
614 454 660 485 sic
681 454 845 494 accipitur.
868 453 970 484 Homo

194 511 242 540 est
261 507 438 540 substantia
457 507 597 538 animata
614 518 620 538 :
641 517 697 548 per
722 507 782 538 hoc
802 507 968 546 tangitur,

196 565 238 600 1⁰,
264 561 453 601 vegetabilis
468 585 476 597 .
499 570 572 601 quae
595 561 717 600 indiget
738 560 971 592 restauratione

194 615 285 646 calidi
307 617 336 646 et
351 615 442 652 sicci,
459 616 489 645 et
508 614 570 644 hoc
590 623 646 653 per
669 613 796 652 cibum;
813 613 924 653 frigidi
939 615 970 644 et

195 668 335 706 humidi,
353 670 384 699 et
403 668 463 698 hoc
484 676 540 708 per
556 670 677 707 potum.
696 670 726 698 2⁰
747 666 922 706 Sensimus,
941 669 972 698 et

194 722 269 753 huic
290 724 337 752 est
359 721 576 752 necessarium
601 721 720 761 duplex
735 721 970 761 operimentum

192 778 322 816 propter
346 775 505 806 exteriora
527 774 641 805 nociva
657 785 663 805 :
681 776 856 812 remotum,
875 776 905 804 et
926 775 972 804 est

193 828 387 869 hospitium3
406 828 624 868 propinquum
640 852 649 865 ,
670 830 701 858 et
724 828 785 858 hoc
807 830 853 858 est
873 828 972 859 vesti-

193 885 350 913 mentum.
376 884 406 912 30
429 881 600 912 Rationalis
616 905 625 919 ,
646 883 677 912 et
693 882 738 912 sic
752 883 799 912 est
814 881 974 912 subtantia

194 937 293 967 libera
311 960 320 974 ,
344 938 419 966 nata
441 935 557 966 habere
580 935 761 966 libertatem
784 945 803 966 a
825 944 951 966 carcere
964 959 971 972 ‚

194 990 244 1021 vel
263 990 303 1020 ab
322 989 507 1019 infirmitate
525 999 530 1019 :
547 991 579 1019 et
600 989 645 1019 sic
666 991 712 1019 est
737 991 847 1019 contra
869 989 974 1019 intru-

195 1043 318 1074 sionem
333 1043 366 1072 in
390 1051 536 1080 carcere,
561 1042 611 1073 vel
635 1042 668 1072 in
690 1043 790 1080 lecto,
813 1042 972 1081 visitatio3

195 1100 225 1128 et
240 1107 258 1128 a
272 1097 424 1128 servitute
437 1121 444 1135 ‚
461 1099 491 1127 et
507 1100 617 1127 contra
632 1097 714 1127 hauc
729 1099 775 1127 est
785 1096 971 1136 redemptio.

195 1154 226 1182 4⁰
246 1151 408 1190 Mortalis,
436 1154 467 1182 et
490 1151 534 1182 sic
558 1151 639 1182 inest
666 1151 694 1182 ei
718 1160 821 1188 mors,
845 1152 974 1190 propter

195 1214 313 1245 quam,
338 1206 406 1236 sive
431 1208 500 1244 post
524 1214 622 1245 quam
647 1204 772 1244 indiget
794 1204 971 1244 sepultura.

238 1258 421 1298 Spiritualia
437 1268 564 1297 quoque
580 1260 653 1288 sunt
668 1260 787 1297 septem
799 1282 806 1295 ‚
823 1257 884 1288 hoc
900 1267 971 1288 ver-

196 1311 296 1341 siculo
311 1311 541 1351 comprehensa
560 1322 565 1341 ε

214 1393 321 1422 lustrue,
332 1392 446 1423 consule,
459 1392 564 1423 castiga,
578 1392 672 1422 solare,
684 1391 796 1421 remitte,
809 1391 855 1422 fer,
868 1398 913 1415 ora
925 1399 930 1415 :

110 1484 182 1518 opopa
237 1473 380 1510 Quorum
394 1475 582 1505 sufficientia
594 1475 638 1504 sic
652 1474 817 1514 accipitur.
829 1473 974 1504 Defectus

85 1515 171 1566 {¹215}ss
196 1527 368 1567 spiritualis
382 1528 416 1558 in
431 1529 579 1567 proximo
592 1528 618 1558 si
634 1537 699 1558 non
721 1529 823 1567 potest
836 1527 972 1558 relevari

76 1577 180 1628 fssifim‘
196 1581 255 1611 nisi
271 1590 325 1620 per
346 1581 443 1612 Deum
456 1606 463 1619 ‚
482 1584 558 1612 tuuc
581 1581 762 1612 adhibenda
780 1583 828 1611 est
850 1580 971 1618 orati0;

196 1635 220 1664 si
238 1637 339 1673 potest
360 1635 497 1664 relevari
515 1644 568 1674 per
582 1634 765 1672 hominem,
782 1636 813 1664 et
833 1636 881 1664 est
895 1643 972 1673 cog-

196 1688 306 1718 nitivae
324 1711 331 1724 ‚
360 1690 396 1717 ut
433 1688 617 1726 ignorantia
652 1688 949 1727 cognoscendorum
963 1712 970 1726 ,

196 1743 275 1771 tunc
289 1743 335 1771 est
352 1741 535 1779 instructi03
561 1741 587 1771 si
607 1743 653 1771 est
672 1741 853 1780 ignorantia
870 1749 971 1780 agen-

195 1794 310 1825 dorum
323 1818 330 1830 ‚
361 1796 438 1824 tunc
469 1797 514 1825 est
543 1794 723 1825 consilium.
753 1794 786 1825 Si
818 1803 894 1825 vero
929 1797 975 1825 est

195 1847 351 1878 affectivae
364 1871 372 1884 ,
391 1850 446 1877 aut
462 1850 507 1878 est
531 1848 624 1887 culpa
643 1848 813 1878 commissa
828 1848 860 1878 in
876 1850 925 1886 te,
944 1851 975 1878 et

196 1901 239 1930 sic
254 1903 300 1931 est
312 1901 477 1938 remissio;
495 1903 550 1931 aut
566 1901 601 1930 in
617 1900 695 1931 alios
709 1924 716 1937 ‚
733 1903 764 1931 et
782 1901 825 1931 sic
841 1903 887 1931 est
902 1910 972 1932 cora

196 1954 303 1984 rectio.
331 1953 365 1984 Si
394 1957 440 1984 est
473 1963 567 1993 poena
583 1978 590 1991 ‚
623 1957 678 1985 aut
706 1957 753 1984 est
785 1954 974 1985 relevandus

197 2007 294 2037 verbo
305 2031 312 2045 ‚
325 2009 356 2037 et
368 2007 413 2037 sic
428 2010 475 2037 est
490 2008 662 2038 consolatio
675 2018 682 2045 3
697 2010 754 2038 aut
770 2008 851 2038 facto
861 2031 869 2046 ,
887 2008 975 2038 etsie

196 2062 242 2090 est
257 2061 464 2100 supportatio.

239 2114 284 2144 Ad
300 2114 582 2153 contemplativam
600 2114 736 2154 pertinet
760 2115 870 2145 oratio.
887 2114 975 2145 Unde

199 2167 237 2196 de
252 2166 498 2206 contemplativa
514 2167 688 2199 videndum
704 2170 750 2197 est
765 2170 922 2207 quantum
936 2168 974 2197 ad

199 2219 441 2257 diffinitionem,
471 2220 609 2259 gradum
632 2244 639 2258 ,
663 2220 918 2258 distinctionem,
944 2223 975 2251 et

85 2282 185 2317 comem-
200 2275 379 2303 contentam
400 2273 460 2303 sub
480 2282 517 2303 ea
534 2274 723 2304 orationem.
748 2273 976 2313 Contemplatio

79 2314 153 2340 ¹²¹⁸t¹⁰‘
200 2327 243 2356 sic
265 2326 421 2357 diffinitur
440 2335 447 2356 :
471 2326 699 2366 Contemplatio
721 2328 767 2357 est
792 2335 886 2357 verus
907 2336 973 2357 cer—

201 2383 315 2419 tusque
344 2380 479 2411 intuitus
506 2380 544 2410 de
571 2389 775 2419 quacumque
800 2389 845 2410 re.
871 2380 898 2410 A
924 2380 976 2410 Ri-

200 2433 319 2464 chardo
334 2434 340 2450 ¹
356 2433 401 2463 sic
417 2445 423 2464 ι
443 2433 699 2472 «Contemplatio
715 2436 761 2464 est
776 2433 875 2464 libera
890 2443 977 2464 men-

200 2486 239 2516 tis
254 2487 445 2526 perspicacia
464 2487 497 2517 in
520 2487 682 2527 sapientiae
706 2488 884 2527 spectacula
903 2497 976 2518 cum

202 2538 409 2570 admiratione
428 2550 622 2580 suspensa.»
642 2539 696 2571 Vel
711 2540 755 2570 sic
772 2551 778 2570 ι
800 2552 813 2569 ι(
830 2539 975 2571 Contem-

236 2620 239 2631 ¹
261 2618 390 2649 Richaril„
405 2620 520 2651 Benjam.
539 2621 600 2651 Muj.
616 2620 646 2643 de
661 2620 810 2650 Contempl„
831 2629 852 2645 c,
871 2626 904 2651 ιν,
915 2628 940 2652 p.
960 2623 976 2645 Ι.

202 2667 231 2671 -
247 2654 254 2668 ²
268 2654 381 2684 Aug.,1le
397 2655 509 2684 Quantz't.
525 2656 617 2686 Anim„
631 2662 652 2679 c.
670 2662 804 2680 xxx111.—
819 2657 827 2671 ¹
842 2657 895 2680 lmo
911 2659 976 2681 auct.

362 2707 437 2730 TOM.
461 2708 517 2731 vn.

1742 175 1800 204 417

1026 239 1123 280 piatio
1143 242 1191 271 est
1212 240 1378 280 perspicax
1399 242 1430 271 et
1449 239 1529 272 liber
1547 239 1645 271 animi
1666 240 1802 272 intuitus

1025 294 1060 324 in
1070 302 1122 324 res
1131 293 1364 334 perspiciendas
1377 303 1608 334 usquequaque
1621 293 1769 325 diffusus.
1782 306 1797 323 ι)

1026 347 1207 378 Bernardus
1220 347 1307 389 ponit
1317 356 1373 378 sex
1385 348 1506 387 gradus
1514 348 1799 389 contemplationis,

1025 400 1081 440 qui
1105 402 1182 432 sunt
1206 401 1330 432 vacatio
1346 425 1353 439 ‚
1379 401 1524 439 intuitio,
1546 401 1731 440 admiratio,
1753 402 1802 433 di—

1025 453 1133 493 lectio,
1157 454 1341 493 delectatio,
1360 454 1531 486 anhelatio.
1557 455 1755 494 Augustinus
1771 457 1781 472 ¹
1793 480 1801 494 ‚

1026 507 1065 540 de
1082 508 1272 545 Quantitate
1284 508 1415 546 animae,
1432 508 1521 548 ponit
1532 510 1653 548 septem
1668 509 1800 547 gradus,

1027 561 1094 593 sive
1114 564 1213 592 actus.
1233 561 1360 593 Primus
1375 562 1489 593 dicitur
1503 562 1657 593 animatio
1667 573 1674 600 3
1692 571 1802 593 secuu-

1027 615 1102 653 dUS,
1120 624 1247 653 sensus;
1262 615 1392 653 tertius,
1415 624 1485 653 a1·s;
1510 618 1663 655 quartus,
1679 616 1781 646 virtus
1793 627 1801 653 ;

1027 669 1159 708 quintus
1175 693 1184 707 ‚
1209 669 1442 709 tranquillitas3
1468 672 1595 708 sextus,
1624 669 1801 708 ingressi03

1027 722 1199 762 septimus,
1216 723 1456 763 contemplatio.
1474 723 1516 754 De
1532 723 1674 754 oratione
1691 723 1805 754 viden-

1026 776 1105 807 dum
1120 779 1168 807 est
1182 779 1341 816 quantum
1356 777 1394 808 ad
1410 777 1634 808 diffinitionem
1653 778 1685 808 in
1704 786 1803 817 gene-

1028 830 1106 868 rali,
1121 832 1278 870 quantum
1294 831 1334 861 ad
1349 831 1600 870 assignationem
1615 831 1806 871 petitionum

1029 883 1186 914 Orationis
1211 884 1380 915 dominicae
1403 884 1437 914 in
1460 884 1600 924 speciali.
1627 883 1733 915 Oratio
1762 885 1806 915 sic

1028 937 1217 968 describitur
1241 938 1282 968 ab
1312 938 1491 976 Augustino
1511 943 1521 959 ³
1546 950 1552 969 :
1585 950 1599 968 ι(
1627 938 1732 969 Oratio
1759 940 1806 969 est

1029 991 1101 1030 pius
1121 991 1238 1022 mentis
1254 991 1386 1023 affectus
1406 992 1438 1023 in
1458 992 1559 1023 Deum
1580 992 1728 1023 directus.
1745 1004 1759 1021 »
1779 993 1806 1023 A

1028 1044 1148 1076 Joanne
1163 1045 1356 1077 Damasceno
1372 1046 1417 1076 sic
1431 1049 1441 1065 ὓ
1459 1058 1466 1078 :
1484 1058 1498 1076 ι(
1517 1046 1624 1078 Oratio
1639 1049 1686 1077 est
1701 1055 1807 1077 ascen-

1029 1107 1085 1129 sus
1108 1099 1285 1133 intellectus
1305 1100 1339 1130 in
1362 1100 1472 1131 Deum.
1496 1112 1510 1129 ι)
1532 1100 1618 1131 Idem
1641 1111 1647 1131 ε
1669 1100 1807 1132 «Oratio

1029 1154 1077 1183 est
1092 1153 1253 1192 expressio
1268 1153 1415 1184 desiderii
1431 1153 1540 1184 directi
1557 1153 1591 1184 in
1605 1153 1702 1185 Deum
1715 1163 1807 1194 prop-

1030 1208 1077 1237 ter
1091 1206 1213 1237 bonum
1227 1207 1467 1247 adipiscendum
1479 1232 1486 1246 ‚
1500 1208 1551 1239 vel
1568 1208 1689 1239 malum
1705 1217 1807 1239 remo·
1842 1241 1845 1243 ,

1031 1260 1189 1297 vendum,
1216 1260 1351 1291 formata
1377 1270 1433 1300 per
1458 1261 1597 1292 verbum
1619 1261 1753 1293 interius
1776 1264 1808 1293 et

1029 1313 1181 1344 exterius.
1194 1324 1208 1342 »
1229 1313 1266 1344 Et
1281 1314 1509 1353 magistraliter
1523 1315 1568 1345 sic
1584 1326 1590 1345 :
1614 1327 1628 1344 «
1643 1315 1747 1347 Oratio
1760 1318 1808 1347 est

1030 1367 1168 1397 ostensio
1188 1367 1360 1398 voluntatis
1382 1370 1500 1399 nostrae
1520 1369 1548 1399 ei
1560 1393 1570 1406 ,
1586 1378 1606 1399 a
1619 1378 1684 1409 quo
1705 1370 1805 1410 impe-

1029 1419 1115 1448 trare
1135 1427 1301 1458 speramus
1316 1419 1347 1450 id
1362 1419 1446 1459 quod
1460 1420 1688 1451 desideramus.
1703 1432 1716 1449 »
1737 1420 1808 1452 Gre-

1030 1472 1141 1510 gorius
1161 1475 1170 1490 5
1198 1483 1203 1502 :
1231 1485 1246 1502 «
1266 1472 1426 1504 Veraciter
1448 1483 1540 1504 orare
1555 1499 1563 1512 ,
1588 1476 1636 1505 est
1659 1474 1692 1504 in
1715 1483 1805 1505 com-

1029 1525 1199 1564 punctione
1214 1527 1332 1557 amoris
1348 1527 1488 1565 gemitus
1504 1530 1535 1558 et
1552 1537 1616 1559 non
1632 1528 1807 1568 composita

1029 1578 1128 1609 verba
1142 1587 1300 1610 resonare.
1318 1591 1332 1607 »

1069 1631 1139 1662 Jam
1167 1632 1422 1664 descendendum
1456 1636 1503 1664 est
1533 1634 1571 1664 ad
1601 1635 1779 1665 orationem
1798 1658 1805 1671 ‚
1855 1650 1929 1675 0,,ϋο

1029 1694 1125 1724 quam
1155 1685 1310 1716 Dominus
1339 1687 1517 1726 composuit
1542 1698 1548 1718 ε
1579 1687 1612 1717 in
1640 1697 1718 1727 qua,
1747 1687 1806 1718 suh
1823 1686 1924 1738 gomini-

1029 1739 1207 1777 septenario
1223 1739 1412 1779 petitionum
1421 1764 1428 1777 ‚
1441 1741 1723 1780 comprehenditur
1737 1741 1807 1772 uni-

1030 1792 1164 1823 versitas
1178 1793 1400 1832 peteudorum,
1412 1796 1442 1824 et
1453 1797 1611 1833 quantum
1626 1795 1665 1825 ad
1681 1804 1718 1825 ea
1732 1804 1805 1834 quae

1031 1848 1173 1885 spectant
1195 1846 1235 1877 ad
1251 1847 1422 1886 praemium
1448 1847 1576 1886 patriae,
1595 1850 1625 1878 et
1649 1851 1807 1887 quantum

1031 1901 1069 1931 ad
1090 1910 1128 1931 ea
1150 1910 1223 1940 quae
1247 1903 1388 1940 spectant
1410 1902 1448 1932 ad
1473 1902 1624 1933 meritum
1640 1903 1711 1933 viae.
1730 1902 1808 1940 Qnae

1031 1955 1173 1993 spectant
1187 1954 1226 1985 ad
1241 1955 1410 1994 praemium
1427 1955 1552 1994 patriae,
1570 1959 1645 1986 sunt
1663 1967 1669 1986 :
1689 1956 1807 1987 Intelli-

1033 2008 1143 2046 gentia
1158 2008 1314 2046 veritatis,
1334 2009 1401 2039 sive
1416 2012 1525 2048 aperta
1540 2010 1620 2040 visio
1636 2010 1719 2047 veri,
1734 2020 1808 2050 quae

1034 2061 1151 2100 petitur
1170 2062 1213 2092 ibi
1232 2072 1237 2091 :
1256 2062 1490 2101 Sanctificetur
1509 2071 1624 2095 nomen
1647 2069 1738 2095 cuum
1751 2088 1759 2102 ,
1778 2064 1808 2094 id

1032 2117 1098 2145 est:
1117 2114 1234 2145 Notitia
1250 2116 1293 2145 tui
1321 2116 1459 2146 nominis
1482 2117 1624 2155 personis
1649 2117 1764 2147 sanctis
1778 2120 1809 2147 et

1033 2168 1160 2198 mundis
1175 2169 1322 2199 donetur.
1338 2169 1529 2200 Reverentia
1545 2170 1729 2209 majestatis,
1742 2171 1809 2201 sive

1033 2231 1145 2252 secura
1160 2222 1258 2252 tentio
1274 2223 1393 2252 summi
1407 2223 1514 2260 ardui⁷
1528 2232 1600 2262 quae
1616 2232 1709 2261 reges
1723 2223 1807 2261 facit,

1034 2277 1064 2305 et
1081 2284 1137 2314 per
1152 2284 1249 2314 quam
1271 2275 1407 2306 habetur
1422 2285 1563 2315 regnum
1575 2300 1584 2313 ,
1603 2285 1675 2315 quae
1693 2276 1810 2315 petitur

1033 2328 1076 2358 ibi
1108 2339 1114 2358 ε
1146 2328 1311 2361 Adveniet
1341 2337 1474 2369 reymmz
1504 2333 1606 2361 tuum.
1641 2329 1812 2360 Concordia

1034 2381 1219 2419 voluntatis,
1233 2382 1299 2413 sive
1316 2383 1453 2422 perfecta
1469 2382 1578 2412 fruitio
1591 2383 1709 2413 summi
1723 2383 1809 2420 boni,

1034 2444 1108 2474 quae
1123 2435 1242 2474 petitur
1258 2435 1300 2465 ibi
1319 2446 1325 2465 ι
1344 2436 1419 2466 Fiat
1434 2435 1583 2467 voluntas
1605 2439 1661 2467 tua
1676 2437 1760 2467 sicut
1775 2437 1811 2467 in

1034 2488 1107 2519 coelo
1123 2491 1152 2519 et
1167 2489 1204 2519 ῑη
1219 2491 1313 2520 terra.
1337 2488 1414 2524 Quae
1439 2491 1579 2527 spectant
1599 2489 1639 2519 ad
1661 2489 1811 2520 meritum

1035 2587 1068 2610 lil»
1090 2587 1118 2609 de
1131 2588 1376 2618 Sl>1'r.vetAnt'1n.,c.
1392 2593 1425 2615 ιν,
1440 2587 1505 2610 inter
1522 2589 1585 2618 Aug.
1603 2591 1688 2617 Opem,
1703 2595 1724 2617 al
1738 2600 1751 2617 ,r
1771 2588 1813 2612 nd.

1035 2623 1175 2646 tom.Vl.—-
1192 2623 1199 2636 ⁴
1214 2623 1341 2651 Damasc.,
1354 2622 1383 2646 (le
1396 2622 1452 2645 Fid.
1469 2623 1581 2652 osmod„
1597 2624 1639 2646 lib.
1658 2624 1725 2649 ΗΜ,
1742 2629 1813 2646 xxxi.

1036 2670 1065 2675 —
1086 2658 1096 2673 Β
1112 2659 1199 2689 Greg.,
1219 2658 1316 2687 ‚xlm-al„
1338 2657 1380 2682 lib,
1398 2658 1510 2687 XXXlll,
1532 2666 1553 2681 c.
1576 2664 1631 2687 xxx,
1646 2658 1672 2682 in
1688 2658 1746 2682 fine.

1614 2704 1650 2732 27
