2003 3037
74 1062 139 1089 Legis

53 1093 158 1115 Mosaieoe

53 1127 75 1147 et
85 1126 159 1146 Evan-

68 1156 144 1183 gelicae

54 1188 157 1209 differen-

91 1811 136 1830 Res
142 1809 169 1830 de

75 1841 156 1868 quibus

64 1873 172 1899 scriptura

87 1910 150 1925 saci-a

89 1935 144 1961 agit.

724 177 841 210 PART.
866 178 919 209 ΠΙ.
944 176 1054 210 SECT.
1077 176 1213 209 XXXIII.

163 243 201 275 ad
216 242 439 276 Philemonem
454 254 565 284 unam,
575 245 616 277 ad
630 244 838 277 Timotheum
850 246 940 284 duas,

163 297 202 329 ad
215 297 366 330 Hebraeos
379 308 489 331 unam.
506 298 544 330 Et
556 301 676 340 septem
690 299 869 337 canonicas,
886 299 943 330 sci-

163 350 236 383 licet
250 361 349 383 unam
363 351 482 390 Jacobi‚
498 352 578 384 duas
593 351 690 391 Petri,
714 355 777 383 tres
792 352 941 391 {Joannis,

164 415 264 437 unam
293 405 395 438 Judae.
428 405 530 437 Habet
554 405 651 437 etiam
673 406 793 437 librum
819 406 942 446 Apoca-

164 458 274 500 lypsis.
304 459 431 491 Novum
456 459 696 491 Testamentum
709 484 716 498 ,
747 462 778 491 et
804 459 945 490 maxime

166 515 305 553 quatuor
320 512 505 552 Evangelia,
522 515 662 553 quatuor
676 513 884 554 qualitatibus
899 521 946 543 se-

166 566 308 597 cundum
324 565 560 607 Hieronymum
576 569 585 586 ¹
606 569 822 598 contexuntur
845 578 851 597 :
873 574 946 607 quae

168 621 243 652 sunt
249 622 417 660 praecepta,
428 620 588 659 mandata,
597 621 789 659 testimonia,
800 622 831 651 et
841 617 948 651 exem-

168 674 230 715 pla.
249 673 410 714 Praecepta
420 676 495 705 sunt
509 674 549 706 ad
563 674 786 706 declinandum
803 684 822 705 a
835 673 945 711 malis;

168 727 332 766 mandata,
358 728 398 759 ad
418 728 600 759 faciendum
624 729 724 766 bona;
750 727 946 764 testimonia,

169 780 208 812 ad
222 781 414 813 credendum
427 791 518 820 vera3
532 782 689 822 exempla,
705 782 745 813 ad
755 781 949 812 imitandum

169 836 201 865 et
215 835 410 875 explendum
424 835 571 866 honesta.
582 835 691 866 Timor
705 836 858 866 incutitur
870 843 950 875 prae-

171 889 285 929 ceptis;
302 889 380 920 fides
393 889 563 920 roboratur
578 889 784 927 testimoniis;
802 898 873 929 spes
888 889 950 919 eri-

173 942 263 981 gitur
273 942 442 983 exemplis3
458 943 597 973 charitas
610 944 854 973 consummatur
866 951 952 973 man-

173 996 265 1027 datis.

213 1049 407 1089 Assignatur
421 1051 529 1081 autem
553 1049 732 1081 differentia
747 1050 829 1080 inter
844 1049 953 1089 legem

174 1103 344 1135 Mosaicam
359 1105 390 1134 et
408 1103 633 1143 Evangelicam
649 1103 682 1133 in
698 1103 784 1134 hunc
799 1104 931 1134 modum
944 1114 950 1133 :

175 1158 252 1198 quia
265 1157 317 1188 lex
326 1157 428 1197 Moysi
441 1157 557 1188 dicitur
567 1156 620 1187 lex
632 1157 762 1196 figurae,
774 1157 824 1187 lex
836 1165 952 1196 poenae,

175 1211 228 1241 lex
247 1210 403 1247 litteraliS,
420 1210 472 1241 lex
491 1210 647 1247 occidens,
673 1210 725 1241 lex
745 1210 882 1247 timoris,
904 1211 955 1240 lex

177 1264 352 1302 servitutis,
367 1263 421 1294 lex
437 1263 558 1301 oneris;
576 1264 627 1294 lex
643 1265 750 1294 autem
762 1263 956 1306 Evangelica

178 1317 293 1348 dicitur
314 1317 365 1348 lex
382 1317 539 1356 veritatis,
564 1317 615 1348 lex
632 1317 758 1356 gratiae,
782 1317 836 1348 lex
860 1317 956 1357 spiri-

179 1371 285 1410 tualis,
300 1372 352 1402 lex
376 1371 564 1410 vivificans,
581 1371 633 1402 lex
648 1371 778 1409 amoris,
796 1371 849 1402 lex
864 1371 957 1402 liber-

179 1426 266 1463 tatis,
282 1425 334 1456 lex
349 1425 516 1456 facilitatis.
534 1425 568 1455 In
582 1425 654 1464 lege
669 1425 789 1465 quippe
805 1425 955 1464 Evange-

180 1479 240 1510 lica
263 1481 401 1519 quatuor
423 1479 618 1509 conditiones
651 1479 859 1510 nobilissimae
885 1480 959 1510 sunt

181 1533 324 1573 adjectae,
341 1532 456 1563 scilicet
471 1533 661 1564 documenta
676 1533 877 1571 instruentia,
890 1542 958 1565 nro-

182 1587 279 1617 missa
297 1586 477 1625 incitantia,
494 1589 692 1617 sacramenta
711 1587 912 1627 atljuvantia,
930 1589 961 1618 et

183 1640 312 1671 consilia
319 1640 526 1680 perficientia,
538 1649 612 1679 quae
620 1642 693 1670 sunt
704 1640 872 1671 consilium
886 1650 962 1680 pau-

183 1695 312 1736 pertatis
328 1694 501 1731 altissimae,
514 1694 665 1725 castitatis
679 1694 914 1732 mundissimae,
931 1696 962 1725 et

185 1749 372 1780 obedientiae
385 1749 453 1779 sive
467 1748 657 1779 humilitatis
672 1749 927 1788 subjectissimae.

225 1802 344 1842 Agitur
372 1801 458 1832 enim
487 1802 525 1832 de
549 1804 669 1841 septem
692 1802 722 1832 in
748 1802 899 1833 universo
929 1804 962 1834 in

186 1866 276 1888 sacra
298 1855 463 1896 Scriptura
492 1857 558 1885 tam
588 1854 685 1893 Novi,
722 1866 818 1895 quam
844 1856 964 1888 Veteris

187 1909 390 1947 Testamenti,
419 1908 536 1939 scilicet
559 1909 597 1939 de
619 1909 759 1940 trinitate
784 1909 850 1948 Dei,
874 1913 906 1940 et
925 1910 964 1941 de

187 1965 333 1994 creatura
356 1962 480 2000 mundi,
501 1962 540 1993 de
565 1963 745 2002 corruptela
769 1964 902 2002 peccati,
926 1963 964 1994 de

187 2016 404 2048 incarnatione
418 2015 525 2054 Verbi,
539 2016 576 2046 de
587 2016 691 2055 gratia
702 2015 838 2056 Spiritus
852 2017 963 2055 sancti,

188 2071 226 2101 de
248 2071 405 2101 medicina
428 2070 667 2107 sacramentali,
693 2070 732 2100 de
755 2072 838 2101 statu
862 2070 966 2101 finalis·

186 2124 309 2163 judicii.
327 2123 409 2154 Sunt
419 2123 594 2163 specialiter
606 2123 639 2153 in
651 2122 815 2163 Scriptura
828 2127 967 2164 quatuor

192 2186 312 2216 genera
327 2178 561 2216 praeceptorum
580 2187 586 2206 :
604 2176 720 2207 scilicet
740 2177 889 2216 quaedam
905 2186 967 2207 cae-

191 2231 389 2268 remonialia,
401 2232 437 2260 ut
445 2233 455 2248 ²
471 2240 478 2260 :
491 2230 561 2261 Non
571 2229 680 2261 arabis
689 2231 725 2261 in
736 2230 807 2261 bove
819 2233 848 2261 et
859 2232 969 2269 casinen

192 2285 340 2325 quaedam
355 2283 607 2321 sacramentalia,
621 2285 657 2313 ut
673 2283 711 2313 de
726 2283 826 2314 vitula
839 2284 921 2321 rufa,
938 2285 969 2313 et

192 2339 263 2369 aliis
288 2337 465 2375 sacrificiis,
491 2338 522 2367 et
544 2337 799 2374 circumcisione3
821 2338 969 2376 quaedam

189 2391 364 2432 jiidicialia,
379 2391 436 2422 ut³
456 2401 462 2421 z
487 2389 620 2421 Oculum
641 2397 700 2429 pro
722 2390 821 2428 oculo,
847 2390 971 2422 dentem

193 2453 251 2486 pro
268 2445 360 2477 dente
369 2454 382 2484 ‚·
396 2443 545 2484 quaedam
561 2443 705 2480 moralia,
720 2446 756 2473 nt
770 2444 877 2474 decen]
893 2453 972 2483 prae-

196 2502 284 2538 cepta
301 2498 457 2537 Decalogi.

231 2598 237 2610 ¹
251 2596 367 2626 Hieron,
383 2596 407 2620 in
427 2596 523 2627 Evanq.
541 2596 629 2625 Marc„
645 2595 719 2619 Praer.
732 2608 757 2611 —
773 2596 781 2609 ³⁹
800 2595 881 2626 Dent„
901 2600 971 2625 xxn,

201 2634 238 2655 10.
249 2645 278 2649 —
294 2632 303 2647 3
319 2632 404 2661 Levit.,
422 2638 492 2662 xxm,
509 2633 580 2655 20.—
595 2631 604 2647 '⁹
617 2630 735 2661 Joseph.‚
750 2630 916 2661 Antiqdml„
930 2630 972 2655 lib.

202 2668 245 2698 ΙΙΙ,
256 2673 365 2692 c.1v.-—
375 2668 387 2684 ⁸
397 2667 487 2696 Quoest.
498 2668 524 2691 in
537 2666 737 2697 Emod.,1ib.11‚
751 2674 777 2697 q.
792 2668 831 2690 Ἡ.

321 2720 384 2742 ΤΟΜ
405 2721 460 2743 Vll.

1717 182 1773 213 ⁴01

1175 320 1370 356 SECTIO
1407 322 1606 357 XXXIII.

1218 420 1255 448 De
1267 423 1412 457 praeceptz's
1428 423 1563 457 Decaloqi.

1044 514 1207 554 Praecepta
1222 514 1371 555 Decalogi
1386 519 1462 548 sunt
1479 517 1656 557 specialiter
1678 518 1782 549 decla-

1003 568 1114 605 randa,
1131 577 1204 608 quae
1217 569 1369 601 dicuntur
1384 571 1529 609 moralia,
1545 572 1622 611 quia
1635 580 1710 601 cum
1720 571 1783 602 fide

1004 621 1079 649 sunt
1093 619 1132 650 ad
1143 619 1278 652 salutem
1289 621 1459 653 hominum
1472 623 1660 653 necessaria.
1673 622 1708 653 In
1723 622 1784 653 fide

1005 672 1091 703 enim
1106 675 1137 703 et
1153 674 1294 705 moribus
1308 677 1355 705 est
1369 675 1453 706 salus
1469 675 1640 707 hominum
1664 676 1784 707 consti-

1005 727 1085 756 tuta.
1100 726 1243 758 Fuerunt
1256 729 1365 759 autem
1377 730 1555 770 conscripta
1567 730 1669 769 digito
1682 730 1738 762 Dei
1751 729 1786 760 in

1006 779 1132 811 duabus
1148 781 1265 811 tabulis
1279 781 1422 822 lapideis,
1444 783 1478 814 in
1496 784 1630 823 signum
1645 784 1786 823 geminae

1007 833 1170 864 charitatis
1181 858 1189 871 ,
1215 834 1333 866 divinae
1359 836 1476 867 scilicet
1497 839 1528 867 et
1555 837 1718 868 humanae.
1746 837 1787 868 De

1008 887 1125 927 quibus
1148 888 1291 919 breviter
1314 890 1377 920 dno
1400 893 1476 921 sunt
1500 891 1646 929 videnda,
1671 891 1789 923 scilicet

1008 940 1178 978 ordinatio,
1195 943 1226 972 et
1241 944 1367 974 numeri
1381 944 1448 974 sive
1464 944 1664 977 sufficientiae
1678 945 1787 984 assig—

1008 993 1106 1024 natio.
1131 994 1329 1027 Ordinantur
1350 999 1458 1028 autem
1482 1007 1501 1028 a
1515 998 1653 1038 Josepho
1665 1001 1675 1018 ¹·
1691 999 1789 1030 histo-

1009 1046 1201 1087 riographo,
1224 1050 1400 1081 secundum
1422 1052 1566 1083 ordinem
1593 1053 1639 1083 rei
1669 1055 1787 1092 gestae,

1010 1102 1153 1141 quinque
1168 1102 1202 1133 in
1218 1104 1321 1142 prima
1341 1105 1450 1136 tabula
1461 1129 1471 1144 ,
1488 1109 1519 1137 et
1534 1107 1676 1146 quinque
1691 1107 1725 1137 in
1739 1116 1788 1138 se-

1011 1155 1131 1194 cunda;
1147 1157 1325 1188 secundum
1341 1159 1490 1190 eumdem
1506 1160 1651 1191 ordinem
1667 1161 1706 1191 ab
1722 1161 1791 1191 Au-

1013 1209 1146 1248 gustino
1157 1210 1178 1248 ⁵,
1193 1211 1255 1241 tria
1269 1212 1301 1241 in
1318 1212 1422 1251 prima
1436 1213 1556 1252 tabula,
1574 1216 1605 1244 et
1620 1216 1743 1254 septem
1758 1215 1790 1244 in

1011 1263 1162 1294 secunda.
1199 1264 1354 1304 Origenes
1384 1267 1589 1298 considerans
1623 1269 1791 1299 materiam

1012 1325 1125 1348 eorum
1140 1326 1214 1357 quae
1231 1319 1421 1350 ordinantur
1434 1345 1442 1358 ,
1460 1321 1630 1361 distinguit
1650 1323 1791 1361 primum

1013 1371 1046 1401 in
1068 1371 1144 1409 duo,
1161 1372 1302 1403 scilicet:
1325 1373 1397 1406 Non
1422 1375 1550 1406 habebis
1575 1375 1648 1408 deos
1670 1377 1793 1409 alienos

1012 1428 1129 1464 praeter
1141 1434 1212 1466 me;
1227 1429 1257 1457 et
1274 1436 1281 1457 ε
1298 1427 1370 1459 Νοη
1387 1428 1487 1466 facies
1500 1429 1561 1460 tibi
1575 1431 1719 1469 sculptile
1735 1440 1744 1461 .·
1762 1431 1794 1461 in

1014 1487 1153 1517 quorum
1176 1480 1280 1519 primo
1304 1481 1493 1520 prohibetur
1513 1483 1655 1514 adoratio
1679 1486 1793 1514 statuae

1015 1531 1096 1562 nihil
1125 1532 1272 1564 habentis
1298 1535 1401 1566 simile
1429 1536 1463 1566 in
1492 1538 1613 1567 naturis
1619 1546 1629 1576 3
1657 1538 1795 1568 secundo

1016 1585 1203 1624 prohibetur
1226 1587 1368 1618 adoratio
1398 1591 1511 1620 statuae
1533 1590 1680 1621 habentis
1704 1591 1793 1620 simi-

1016 1639 1184 1670 litudinem
1213 1649 1286 1671 cum
1312 1642 1419 1682 aliqua
1444 1646 1599 1675 creatura.
1627 1644 1695 1675 Duo
1719 1653 1796 1675 vero

1016 1692 1129 1723 ultima
1144 1694 1292 1725 secundae
1304 1695 1421 1727 tabnlae
1433 1706 1497 1727 non
1510 1697 1690 1737 distinguit,
1705 1707 1796 1738 repu-

1018 1748 1088 1777 tans
1115 1756 1151 1777 ea
1174 1757 1242 1778 esse
1265 1758 1389 1788 unum,
1413 1751 1530 1781 scilicet
1552 1763 1558 1782 ε
1586 1752 1657 1783 Non
1681 1760 1795 1783 concu-

1015 1801 1121 1839 pisces
1144 1809 1278 1833 uxorem
1290 1804 1439 1842 prooeimz'
1457 1806 1531 1844 cuz‘‚·
1550 1808 1581 1836 et
1597 1815 1604 1835 :
1623 1806 1694 1837 Non
1710 1806 1796 1837 clesi-

1019 1854 1146 1886 (lembis
1160 1863 1224 1886 rem
1237 1855 1317 1894 effus.
1334 1857 1538 1895 Augustinus
1553 1868 1641 1897 vero,
1659 1860 1797 1890 conside-

1019 1916 1095 1937 rans
1112 1909 1209 1938 finem
1231 1909 1270 1939 ad
1289 1919 1385 1949 quem
1401 1914 1557 1952 praecepta
1573 1912 1722 1952 Decalogi
1742 1922 1797 1943 or-

1020 1961 1182 1999 dinantur,
1196 1962 1336 2001 primum
1351 1972 1416 1994 non
1430 1964 1610 2004 distinguit,
1624 1967 1700 2006 quia
1714 1969 1799 1997 utro—

1021 2014 1116 2054 bique
1131 2015 1309 2046 secundum
1323 2017 1532 2049 intentionem
1542 2019 1718 2050 idololatria
1728 2030 1798 2060 pro-

1021 2068 1165 2106 hibetur;
1189 2071 1220 2099 et
1243 2070 1287 2100 sic
1309 2071 1398 2110 ponit
1423 2074 1549 2102 tantum
1573 2073 1633 2103 tria
1648 2073 1680 2103 in
1697 2074 1800 2113 prima

1022 2122 1140 2152 tabula.
1169 2122 1368 2162 Praeceptum
1388 2134 1463 2155 vero
1486 2126 1524 2156 de
1546 2128 1801 2166 concupiscentia

1023 2177 1134 2206 uxoris
1145 2199 1154 2213 ,
1170 2179 1200 2206 et
1216 2178 1421 2215 possessionis
1436 2179 1566 2217 alienae,
1583 2181 1753 2219 distinguit
1767 2182 1800 2211 in

1024 2228 1103 2264 duo,
1127 2230 1204 2268 quia
1229 2229 1290 2259 alio
1314 2231 1378 2260 fine
1399 2233 1635 2271 concupiscitur
1656 2243 1740 2264 uxor
1762 2235 1800 2265 ad

1024 2290 1119 2312 usum
1130 2282 1315 2322 voluptatis,
1331 2284 1393 2315 alio
1404 2286 1467 2316 fine
1481 2287 1715 2327 concupiscitur
1730 2298 1801 2328 pos-

1026 2336 1124 2366 sessio
1145 2336 1183 2366 ad
1205 2346 1302 2367 usum
1324 2338 1503 2378 cupiditatis
1523 2349 1531 2370 :
1558 2342 1590 2370 et
1609 2341 1654 2372 sic
1681 2344 1802 2381 septem

1026 2390 1114 2429 ponit
1128 2390 1162 2420 in
1177 2391 1325 2422 secunda.
1794 2418 1797 2421 -

1067 2443 1287 2481 Augustiuum
1299 2453 1378 2484 ergo
1389 2449 1567 2486 sequentes,
1579 2448 1634 2487 qui
1645 2449 1705 2479 tria
1716 2450 1805 2488 ponit

1027 2496 1060 2525 in
1076 2496 1180 2535 prima
1194 2497 1313 2535 tabula,
1329 2501 1360 2529 et
1381 2502 1501 2539 septem
1516 2501 1549 2531 in
1565 2503 1721 2539 secunda,
1738 2504 1803 2533 suf-

1028 2550 1200 2581 ficientiam
1213 2553 1341 2582 numeri
1356 2553 1571 2592 assignemus.
1589 2555 1624 2585 In
1641 2556 1745 2595 prima
1759 2558 1805 2586 ta—

1029 2604 1105 2634 bula
1132 2604 1193 2634 tria
1215 2604 1345 2636 fuerunt
1372 2610 1529 2648 praecepta
1559 2610 1739 2640 ordinantia
1766 2609 1805 2639 ad

1031 2657 1143 2693 Deum,
1156 2667 1295 2696 quorum
1304 2658 1494 2691 sufficientia
1502 2663 1604 2700 potest
1616 2662 1700 2692 sumi
1711 2671 1806 2702 penos

1650 2718 1687 2746 26

1839 519 1904 541 Salus

1798 551 1903 572 bominis.

1859 2460 1924 2480 Suffi-

1834 2492 1914 2512 cientia

1834 2524 1910 2543 dacem

1828 2560 1926 2580 praecep-

1821 2587 1901 2605 torum.
