2003 3037
117 2183 146 2203 De
156 2181 190 2201 tri-

101 2215 149 2242 plici
158 2219 205 2240 grn-

121 2250 148 2266 (ιιι
160 2252 180 2265 in

110 2279 203 2299 Christo.

120 2586 192 2608 Gratia

111 2618 190 2638 unieris

101 2652 132 2669 est
148 2656 205 2670 suin-

132 2689 172 2704 mB·

216 215 277 246 288

216 281 341 321 gloriae,
352 288 469 312 verum
484 279 581 311 etiam
594 278 780 311 adoratione
793 277 910 315 latriae,
920 284 993 317 quae

215 336 261 366 est
279 333 382 365 cultus
403 334 595 366 reverentiae
615 333 674 365 soli
698 332 763 364 Deo
782 332 907 364 debitae.
934 330 994 361 Per

215 388 356 428 gratiam
370 396 449 420 vero
467 387 578 428 capitis
599 386 705 418 influit
725 388 849 418 motum
873 387 905 416 et
919 393 993 416 sen-

214 450 287 472 sum
302 441 337 472 in
351 441 520 472 universos
533 441 590 481 qui
605 440 644 472 ad
659 449 733 471 eum
753 439 926 475 accedunt,
942 437 994 469 vel

213 504 270 536 per
284 495 380 526 fidem
395 496 516 526 rectam
528 518 537 533 ,
551 494 603 526 vel
617 503 674 535 per
690 493 763 525 fidei
781 494 991 530 sacramenta,

215 549 284 580 sive
299 549 473 580 adventum
489 549 560 589 ejus
579 548 818 589 praecesserint,
835 546 904 577 sive
923 546 992 577 fue-

215 603 279 634 rint
293 602 466 634 subsecuti.
483 602 563 633 Nam
578 602 587 619 ¹
604 602 714 640 turbas,
732 609 804 641 quoe
818 600 991 641 proeibant,

215 660 244 689 et
258 665 329 697 quoe
344 656 570 697 sequebantur,
585 655 790 688 clamabant:
808 654 940 687 Osanna
953 654 992 693 (a)

215 710 301 742 Filio
318 710 437 742 David.

255 763 345 795 Ratio
360 766 470 795 autem
494 764 535 795 ad
556 763 803 803 intelligentiam
825 762 994 803 praedicto-

214 827 289 849 rum
310 818 380 849 haec
402 821 475 849 est:
500 818 576 859 quia
600 819 759 858 reparatio
781 819 829 848 est
851 816 994 857 operatio

214 872 311 912 primi
326 872 474 913 principii
484 896 493 911 ‚
511 873 554 903 ita
568 872 653 913 quod
669 872 709 903 ab
729 872 797 912 ipso
817 873 927 902 manat
941 880 993 901 se-

215 927 357 958 cundum
379 926 617 964 liberalitatem,
634 927 665 957 et
684 925 724 956 ad
742 925 849 965 ipsum
872 923 994 955 reducit

215 981 391 1012 secundum
427 980 682 1011 conformitatem
701 990 708 1017 ;
740 979 811 1010 ideo
846 980 969 1018 oportet
983 1002 991 1016 ‚

214 1035 300 1074 quod
333 1035 388 1065 siat
420 1044 476 1075 per
506 1034 644 1073 gratiam
673 1036 704 1064 et
735 1033 991 1064 deiformitatem.

216 1088 323 1119 Gratia
343 1089 429 1120 enin]
453 1091 483 1119 et
506 1091 615 1119 manat
633 1098 652 1118 a
677 1088 737 1118 Deo
754 1087 944 1124 liberaliter,
963 1088 994 1116 et

216 1142 318 1174 reddit
332 1142 496 1173 hominem
519 1142 716 1173 deiformem.
739 1140 897 1178 Quoniam
913 1148 994 1179 ergo

216 1197 432 1236 reparativum
450 1195 643 1236 principium
664 1204 721 1235 per
742 1188 880 1234 gratiam
901 1203 992 1234 repa-

216 1252 280 1288 rat,
297 1253 328 1281 et
342 1250 448 1281 omnis
464 1259 514 1280 res.
529 1249 654 1290 plenius
668 1251 699 1280 et
715 1248 885 1288 perfectius
899 1250 946 1278 est
960 1248 995 1278 in

217 1313 276 1336 suo
295 1304 382 1335 fonte
405 1306 436 1334 et
460 1303 605 1343 origine,
631 1311 729 1343 quam
753 1301 828 1332 alibi
843 1311 850 1339 ;
867 1310 995 1332 necesse

217 1360 281 1395 est,
307 1358 393 1398 quod
416 1358 449 1388 in
479 1357 635 1398 principio
658 1358 766 1387 nostro
793 1355 992 1395 reparatim‚

217 1411 332 1443 scilicet
349 1411 473 1442 Christo
493 1411 645 1449 nomino,
670 1410 765 1441 fuerit
788 1409 894 1440 omnis
916 1417 992 1448 gra-

217 1468 270 1498 tiae
304 1466 478 1507 plenitudo.
518 1465 553 1496 Et
589 1465 742 1505 quoniam
776 1463 992 1504 reparativum

217 1521 410 1561 principium
427 1520 458 1550 in
474 1518 652 1559 reparando
673 1527 736 1549 non
759 1520 884 1548 tantum
908 1519 993 1547 tenet

216 1575 372 1605 rationem
389 1573 552 1614 principii,
570 1581 684 1603 verum
710 1571 805 1602 etiam
829 1571 944 1607 medii,
963 1572 994 1601 et

216 1629 351 1660 extremi
368 1639 374 1659 z
390 1627 525 1659 extremi
541 1626 685 1667 quidem,
703 1626 736 1656 in
756 1624 990 1660 satisfacienlloe

217 1683 328 1720 medii,
347 1682 378 1712 in
394 1680 642 1717 reconciliaudo;
659 1682 689 1710 et.
703 1678 871 1719 principii,
888 1677 922 1707 in
939 1687 993 1708 su—

218 1736 403 1777 pcrttuendo
414 1747 420 1766 :
432 1735 501 1766 ideo
517 1743 643 1765 necesse
659 1736 705 1764 est
720 1733 805 1773 quod
821 1732 853 1762 in
871 1731 993 1762 Christo

217 1790 312 1821 suerit
326 1789 489 1830 plenitudo
505 1788 637 1827 gratim,
653 1787 775 1817 ratione
791 1785 924 1816 extremi
942 1794 991 1815 sa-

218 1843 418 1880 tisfacientis,
445 1842 540 1873 medii
567 1839 799 1873 reconciliantis
817 1863 824 1873 ,
848 1841 879 1869 et
905 1839 994 1881 prin5

217 1898 290 1938 eipii
305 1896 576 1937 superinfluentiS.
595 1894 753 1932 Quoniam
770 1893 870 1933 igitur
884 1895 991 1923 extre-

218 1960 307 1982 mum
332 1950 372 1981 ad
393 1948 646 1980 satisfaciendum
672 1947 820 1978 idoneum
835 1971 842 1983 ,
866 1955 993 1977 necesse

218 2007 265 2036 est
283 2013 350 2035 esse
369 2003 432 2034 Deo
449 2003 593 2042 placens,
611 2011 646 2031 ac
672 2010 728 2040 per
755 2001 815 2031 hoc
841 2000 880 2030 ab
905 2000 993 2030 omni

219 2060 346 2099 peccato
361 2056 496 2097 perfecte
512 2055 674 2091 imuiune;
689 2056 720 2084 et
736 2054 795 2083 hoc
812 2062 878 2084 non
892 2054 994 2092 potest

219 2121 286 2143 esse
301 2111 361 2142 nisi
377 2120 433 2151 per
445 2110 565 2141 donum
578 2108 696 2139 divinae
711 2107 824 2146 gratiae
840 2107 873 2137 in
888 2106 994 2146 aliquo

220 2166 370 2198 homine:
389 2173 514 2196 necesse
530 2162 590 2193 fuit
605 2170 723 2202 ponere
738 2161 770 2190 in
787 2160 909 2191 Christo
925 2169 996 2199 gra—

222 2221 296 2251 tiam
311 2220 412 2260 ipsam
427 2216 675 2248 sanctificantem
691 2216 721 2245 et
736 2214 992 2251 confirmantem,

220 2283 318 2314 quam
332 2281 484 2305 vocamus
498 2270 634 2310 gratiam
649 2268 821 2307 singularis
836 2276 992 2307 personae.

222 2329 358 2362 Rursus,
382 2326 535 2367 quoniam
559 2323 701 2354 medium
724 2322 762 2353 ad
787 2322 992 2353 reconcilian-

221 2382 297 2413 dum
313 2380 506 2412 conveniens
522 2387 585 2408 non
604 2379 668 2414 est,
686 2376 746 2406 uisi
771 2376 886 2406 habeat
909 2376 942 2406 in
963 2385 994 2406 se

222 2438 391 2474 utramque
407 2435 555 2464 naturam
567 2455 574 2469 ,
592 2430 789 2469 superiorein
813 2432 843 2459 et
865 2430 992 2460 inferio-

222 2498 307 2526 rem,
333 2487 449 2517 scilicet
468 2484 662 2516 adorabilem
685 2485 715 2513 et
738 2483 943 2519 adorantem;
965 2486 996 2513 ct

221 2543 283 2573 hoc
294 2541 380 2572 nullo
397 2539 490 2570 modo
506 2538 573 2568 fieri
588 2539 706 2577 potest,
724 2535 784 2565 nisi
800 2544 854 2575 per
870 2544 995 2565 summe

222 2595 422 2636 dignativam
454 2595 484 2623 et
512 2591 686 2631 gratuitam
712 2589 864 2619 unionem
891 2599 897 2618 :
926 2589 995 2619 ideo

223 2658 350 2682 necesse
364 2649 411 2679 est
426 2646 459 2676 in
474 2645 597 2676 Christo
612 2652 729 2684 ponere
746 2642 883 2682 gratiam
899 2651 995 2682 super

256 2716 287 2744 (a)
300 2711 375 2742 Vulg.
390 2710 504 2734 Hosunna
515 2727 521 2738 ,
537 2709 561 2730 et
575 2707 609 2730 sic
625 2707 755 2736 deinceps.

799 205 1055 246 BREVILOQUII
1077 206 1178 240 PARS
1200 206 1251 240 lv.

1049 284 1180 307 omnem
1204 275 1362 315 gratiam,
1388 277 1419 306 et
1441 273 1627 306 omnimoda
1648 275 1828 309 reverentia

1049 329 1266 362 venerandam
1279 353 1286 366 ,
1302 338 1399 370 quam
1414 338 1569 360 vocamus
1584 328 1724 369 gratiam
1735 330 1827 361 unio-

1049 383 1115 421 nis,
1131 383 1255 415 ratione
1270 385 1365 424 cujus
1380 383 1523 415 Christus
1540 383 1639 414 homo
1653 383 1828 423 est’swper

1049 438 1158 470 omnia
1171 437 1356 471 benedictus
1371 438 1454 470 Deus
1464 462 1473 477 ,
1491 439 1522 468 et
1537 437 1609 469 ideo
1623 437 1712 469 cultu
1725 437 1828 469 latriae

1047 492 1262 523 venerandus.

1090 545 1272 585 Postremo,
1297 546 1374 588 quia
1398 546 1595 587 principium
1623 545 1664 578 ad
1688 545 1825 577 influen-

1049 600 1126 631 dum
1142 600 1256 632 efficax
1270 609 1336 632 non
1351 602 1416 639 est,
1436 600 1497 631 nisi
1518 600 1634 632 habeat
1654 599 1690 630 in
1707 608 1740 631 se
1759 598 1828 640 ple·-

1049 653 1226 685 nitudinem
1240 654 1392 685 fontalem
1405 656 1437 685 et
1449 653 1660 693 originalem,
1677 661 1750 693 quae
1762 659 1827 685 non

1049 709 1175 738 tantum
1189 710 1238 739 est
1253 707 1418 748 plenitudo
1433 707 1646 745 sufficientia‘,
1662 706 1717 737 sed
1731 705 1828 737 etiam

1050 761 1354 802 superabundantiae
1367 772 1374 799 3
1391 761 1462 792 ideo
1477 764 1604 792 necesse
1624 762 1672 792 est
1685 759 1827 791 Verbum

1053 815 1254 845 incarnatum
1268 823 1335 846 esse
1350 817 1361 834 ³
1373 814 1502 855 plenum
1523 814 1641 854 qratioe
1658 817 1689 846 et
1708 814 1827 846 verita-

1052 870 1112 907 tis,
1139 869 1181 900 ita
1201 869 1284 909 quod
1308 868 1347 901 de
1368 867 1573 909 plenitudine
1594 867 1664 907 eius
1686 868 1829 907 accipere

1050 922 1178 953 valeant
1191 922 1335 953 universi
1350 922 1442 962 justi,
1459 921 1543 952 sicut
1555 921 1708 952 universa
1722 929 1825 951 mem-

1049 975 1106 1006 bra
1122 985 1140 1006 a
1155 975 1256 1015 capite
1272 975 1430 1016 recipiunt
1451 974 1654 1006 influentiam
1677 975 1784 1006 motus
1798 976 1830 1005 et

1050 1038 1173 1059 sensuS.
1192 1028 1228 1059 Et
1250 1031 1380 1069 propter
1402 1028 1463 1059 hoe
1477 1030 1610 1059 vocatur
1632 1027 1701 1058 haec
1725 1026 1830 1066 gratia

1050 1083 1156 1122 gratia
1171 1083 1282 1123 capitis
1294 1107 1302 1121 ‚
1321 1091 1379 1123 pro
1392 1091 1429 1113 eo
1444 1082 1529 1122 quod
1539 1106 1547 1120 ,
1565 1082 1647 1112 sicut
1662 1082 1756 1121 caput
1771 1080 1830 1111 lia-

1050 1137 1102 1167 hct
1118 1137 1150 1167 in
1167 1146 1200 1167 se
1215 1145 1371 1167 sensuum
1392 1135 1622 1176 plenitudinem
1637 1158 1644 1172 ,
1659 1137 1690 1166 et
1706 1134 1830 1165 caeteris

1050 1190 1202 1221 membris
1214 1192 1260 1221 est
1272 1189 1432 1220 conforme
1443 1214 1450 1228 ,
1466 1189 1652 1229 eaeterisque
1665 1187 1827 1228 praesidet,

1049 1253 1085 1275 ac.
1111 1243 1234 1274 caeteris
1257 1243 1447 1274 beneficium
1472 1245 1604 1283 praestat
1630 1242 1827 1279 influentiae,

1049 1307 1123 1338 quae
1145 1298 1204 1338 ipsi
1229 1297 1324 1338 capiti
1349 1299 1600 1335 connectuntur3
1617 1297 1662 1328 sic
1687 1296 1829 1327 Christus

1050 1352 1174 1383 liabens
1189 1352 1220 1382 in
1238 1362 1270 1382 se
1287 1352 1425 1391 gratiam
1443 1351 1756 1391 superabundantem
1770 1374 1780 1388 ,
1797 1352 1829 1381 et

1050 1406 1141 1436 nobis
1170 1405 1343 1436 consimilis
1377 1405 1408 1435 in
1440 1407 1554 1436 natura
1572 1429 1579 1442 ,
1609 1413 1675 1444 prae
1705 1403 1828 1435 caeteris

1049 1463 1176 1490 sanctus
1200 1463 1231 1491 et
1251 1461 1357 1500 ‚iustus
1372 1484 1381 1498 ,
1404 1460 1527 1490 caeteris
1544 1483 1553 1497 ‚
1577 1459 1633 1499 qui
1660 1459 1699 1489 ad
1722 1458 1827 1499 ipsum

1049 1514 1219 1550 accedunt,
1237 1515 1366 1554 praestat
1383 1513 1573 1544 beneficium
1594 1512 1707 1552 gratiae
1722 1514 1753 1542 et
1767 1512 1828 1552 spi-

1048 1567 1144 1605 ritus,
1162 1577 1217 1608 per
1240 1577 1312 1608 quae
1329 1568 1365 1598 fit
1381 1577 1493 1598 sensus
1507 1569 1537 1598 et
1553 1569 1659 1598 motus
1683 1567 1716 1597 in
1733 1566 1825 1607 spiri-

1049 1620 1199 1652 tualibus.

1091 1674 1127 1705 let
1154 1675 1304 1715 quoniam
1331 1674 1369 1705 ad
1397 1674 1503 1714 ipsum
1531 1674 1678 1705 accedere
1703 1676 1750 1705 est
1770 1682 1827 1714 per

1049 1729 1162 1766 fidem,
1186 1728 1235 1759 vel
1257 1738 1312 1768 per
1334 1728 1405 1759 fidei
1431 1730 1685 1766 sacramentum,
1700 1729 1731 1758 et
1747 1727 1825 1758 fldes

1049 1782 1163 1812 Christi
1172 1782 1282 1811 eadem
1291 1781 1377 1812 estin
1387 1781 1564 1821 praeteritis,
1578 1781 1787 1820 praesentibus
1793 1783 1824 1812 et

1048 1836 1178 1866 suturis:
1188 1835 1259 1865 ideo
1269 1835 1348 1865 ratio
1358 1834 1513 1865 inssueinli
1523 1835 1555 1865 in
1565 1834 1687 1865 Christo
1696 1835 1824 1875 ponitur

1049 1891 1195 1929 respectu
1207 1888 1350 1919 omnium
1361 1912 1368 1926 ,
1387 1890 1451 1918 tam
1462 1887 1710 1927 praeteritorum,
1726 1897 1823 1928 quam

1049 1943 1254 1983 praesentium
1263 1967 1272 1980 ,
1285 1951 1383 1982 quam
1395 1942 1489 1972 etiam
1503 1942 1687 1972 futurorum
1699 1942 1731 1972 in
1741 1941 1826 1972 ctu-i-

1050 1999 1135 2026 stum
1152 1996 1349 2026 credentium
1363 2019 1370 2032 ,
1387 1998 1415 2025 et
1435 1995 1467 2024 in
1482 1995 1606 2025 Christo
1621 1997 1822 2031 renatorum,

1049 2050 1104 2089 qui
1129 2057 1186 2088 per
1207 2048 1300 2079 fidem
1326 2048 1515 2088 copulantur
1541 2047 1663 2079 Christo
1681 2072 1688 2085 ,
1714 2049 1745 2078 et
1769 2055 1825 2087 per

1050 2103 1188 2142 gratiam
1217 2102 1404 2132 influentem
1427 2102 1510 2131 fiunt
1539 2100 1683 2131 membra
1709 2100 1824 2132 Christi

1049 2159 1079 2187 et
1099 2155 1216 2195 templa
1241 2156 1376 2195 Spiritus
1400 2155 1519 2192 sancti,
1544 2164 1580 2185 ac
1602 2163 1658 2194 per
1683 2154 1743 2184 hoc
1769 2152 1826 2184 fllii

1051 2210 1102 2241 Dei
1118 2209 1236 2246 Patris,
1255 2209 1390 2240 connexi
1406 2209 1445 2240 ad
1462 2208 1599 2239 invicem
1615 2217 1672 2247 per
1688 2207 1826 2238 indisso-

1050 2263 1146 2294 lubile
1163 2263 1328 2294 vinculum
1351 2262 1534 2300 charitatis,
1558 2261 1643 2301 quod
1664 2261 1746 2291 sicut
1760 2261 1825 2292 dis-

1050 2318 1149 2348 tantia
1164 2318 1306 2348 locorum
1322 2326 1385 2347 non
1411 2316 1578 2354 dividitur,
1599 2316 1643 2346 sic
1666 2324 1724 2346 nec
1747 2314 1821 2345 diu-

1050 2371 1203 2402 turnitate
1225 2373 1406 2410 temporum
1428 2371 1592 2408 separatur
1611 2379 1616 2398 z
1634 2377 1669 2398 ac
1688 2377 1745 2408 pec
1764 2367 1823 2398 hoc

1050 2434 1160 2455 omues
1180 2424 1278 2462 justi.
1304 2423 1496 2461 ubicumque
1518 2422 1599 2457 sint,
1622 2423 1653 2451 et
1677 2420 1823 2460 quando-

1050 2487 1188 2517 cumque
1222 2477 1360 2513 fuerint,
1391 2484 1496 2506 unum
1532 2474 1672 2505 efficiunt
1706 2483 1823 2514 corpus

1050 2531 1165 2562 Christi
1180 2530 1367 2570 mysticum,
1385 2536 1514 2558 sensum
1530 2529 1561 2558 et
1576 2530 1699 2558 motum
1722 2528 1823 2558 susci-

1050 2586 1164 2627 piendo
1189 2585 1229 2616 ab
1246 2594 1311 2616 uno
1326 2583 1426 2623 capite
1449 2583 1602 2613 influente
1614 2606 1622 2619 ,
1646 2583 1820 2614 secundum

1084 2667 1091 2683 ¹
1109 2665 1207 2693 Manli„
1228 2671 1287 2696 xxi,
1309 2666 1332 2688 9.
1351 2676 1377 2681 -
1399 2664 1408 2679 ²
1428 2663 1505 2693 Rom„
1526 2669 1568 2693 xx,
1587 2664 1609 2688 5.
1628 2676 1658 2681 —
1674 2662 1684 2679 ³
1701 2663 1782 2693 Ioum,
1804 2668 1822 2693 1,

1052 2704 1089 2733 it,
1106 2704 1142 2726 15.

1843 1686 1947 1709 luctu-is-

1841 1721 1862 1739 to
1872 1725 1911 1739 cur
1922 1719 1949 1740 sit

1850 1751 1931 1771 ratione

1840 1780 1919 1802 innuen
1926 1781 1942 1801 ii

1839 1815 1937 1838 respectu

1839 1843 1940 1864 omnium.
