2003 3037
43 627 122 647 Fraus.

27 1596 124 1618 Desidia.

33 2028 124 2054 Torpor.

755 170 873 205 PART.
898 172 921 204 1.
945 171 1054 204 SECT.
1079 171 1130 204 IX.

135 241 275 276 breviter
289 243 366 274 sunt
383 240 520 275 videnda
537 239 616 278 tria,
635 239 753 271 scilicet
767 241 837 280 ejus
850 240 914 272 ori-

135 296 279 337 3100110,
302 294 536 334 denominatio,
551 294 787 326 concomitatio.
808 294 916 326 Oritur

135 352 245 383 autem
266 349 468 390 negligentia
491 357 532 380 ex
551 349 698 389 torpore,
724 348 811 380 unde
839 347 917 379 dicit

136 403 334 444 Gregorius¹
357 414 365 434 :
386 414 401 433 α
423 401 492 434 Duo
509 401 633 433 suntin
653 401 746 432 bonis
767 401 917 441 operibus

135 457 287 496 timenda,
304 456 423 489 desidia
436 455 552 487 scilicet
567 457 597 486 et
608 455 705 486 fraus.
722 465 737 483 n
755 454 916 486 Desidiam

136 512 209 544 facit
221 511 327 543 minor
339 519 430 542 amor
443 509 498 542 Dei
510 520 518 548 ;
535 509 693 546 fraudem,
707 509 812 549 maj0r
826 518 918 540 amor

137 566 199 598 sui.
225 565 305 598 Item
331 564 449 596 desidia
477 573 535 604 per
565 565 727 604 torporem
754 563 915 600 nascitur;

137 619 237 659 srauS,
256 627 313 660 per
331 618 490 659 privatam
510 617 721 649 dilectionem.
739 616 839 647 Fraus
859 616 917 647 ista

136 673 181 705 sic
201 672 395 704 notificatur.
419 671 578 703 Fraudem
603 671 637 701 in
657 679 753 710 opere
769 670 822 701 Dei
844 679 917 709 per—

138 727 249 767 petrat,
268 726 324 767 qui
339 735 372 757 se
387 725 567 757 inordinate
582 724 730 764 diligenS‚
747 724 786 754 ad
805 732 916 754 remu-

136 779 308 811 nerationis
324 779 517 811 transitoriae
539 778 623 809 bona
644 778 780 809 festinat.
801 777 915 817 Tripli-

137 834 214 865 citer
228 835 336 865 autem
351 833 438 864 fraus
453 833 512 864 ista
526 831 757 863 committitur:
773 830 829 862 aut
842 840 917 862 cum

136 887 239 919 cordis
254 887 389 919 humani
405 886 511 926 gratia
521 910 529 925 ,
545 888 602 917 aut
616 885 735 916 favoris
750 894 843 924 aura,
861 887 918 916 aut

136 950 210 973 011111
229 941 382 982 quaelibet
404 949 455 971 res
477 939 618 971 exterior
641 939 851 970 desideratur.
880 938 918 970 Ut

135 995 222 1026 enim
239 995 360 1026 bonum
379 1003 459 1034 opus
482 993 562 1024 bene
577 993 650 1031 fiat,
667 992 844 1032 requiritur
863 993 918 1024 bo-

135 1058 197 1080 nus
211 1048 300 1086 finis3
317 1057 414 1088 quem
429 1047 484 1088 qui
498 1046 634 1085 omittit,
653 1046 829 1077 fraudatur.
855 1046 915 1078 Re·

136 1102 312 1142 quiruntur
330 1103 361 1132 et
381 1101 452 1132 aliae
470 1099 732 1139 circumstantia·,
757 1103 793 1131 ut
816 1100 915 1140 locus,

136 1157 277 1195 tempus,
301 1154 433 1193 modus;
461 1163 540 1194 quas
563 1154 619 1194 qui
643 1154 781 1193 omittit,
807 1155 917 1195 utique

137 1209 285 1249 negligit.
315 1208 507 1240 Nominatur
537 1210 646 1239 autem
675 1208 792 1248 duplici
821 1217 916 1240 voca-

137 1262 226 1301 bulo,
243 1262 360 1293 scilicet
370 1261 579 1301 negligentia,
597 1263 628 1293 et
643 1261 762 1292 desidia
778 1272 785 1292 t
803 1271 875 1302 quae
891 1263 917 1293 si

137 1316 229 1356 large
243 1316 449 1356 accipiantur,
466 1315 650 1346 communia
663 1317 739 1346 sunt
752 1316 792 1347 ad
808 1325 918 1356 quam-

138 1379 276 1410 cumque
307 1369 513 1400 omissionem
525 1393 536 1408 ,
572 1370 638 1400 tam
675 1371 764 1400 actus
799 1369 915 1408 debiti,

139 1432 238 1463 quam
269 1423 528 1454 circumstantiae.
567 1422 601 1454 Si
636 1431 712 1454 vero
746 1412 919 1463 accipiatur

139 1479 246 1510 stricte
262 1487 318 1519 per
338 1478 545 1509 omissionem
559 1478 826 1517 circumstantiae,
843 1480 919 1509 tunc

139 1532 257 1564 desidia
271 1532 376 1572 magis
390 1532 516 1572 respicit
533 1541 738 1563 communem
752 1532 919 1571 significa-

140 1587 269 1618 tionem.
295 1587 418 1618 Desidia
441 1587 556 1617 dicitur
578 1586 669 1625 quasi
695 1586 884 1618 clesiscentia
910 1597 917 1617 t

141 1641 337 1680 negligentia
350 1649 428 1672 vero
443 1640 550 1680 magis
568 1640 695 1679 respicit
709 1639 917 1678 significatio—

140 1703 213 1724 nem
229 1694 405 1734 propriam,
424 1693 541 1724 50111001
555 1692 762 1724 omissionem
778 1693 919 1723 circum-

139 1747 263 1778 stantiae
278 1747 413 1785 debitae,
432 1747 522 1786 quasi
543 1754 607 1778 non
623 1746 797 1786 diligencia
820 1756 826 1776 τ
845 1755 918 1786 quae

139 1800 304 1840 diligentia
335 1800 587 1831 circumstantias
612 1799 782 1838 diligenter
811 1808 917 1840 prose-

140 1853 257 1893 quitur.
284 1853 365 1885 Sunt
393 1856 501 1885 autem
525 1853 657 1884 comites
684 1853 918 1893 negligentiae,

141 1910 250 1947 torpor
265 1909 297 1938 et
316 1907 465 1947 pigritia;
485 1916 559 1947 quae
573 1907 722 1947 quamvis
741 1907 805 1937 sint
821 1907 917 1945 idem,

141 1964 248 1992 tamen
263 1961 394 2001 pigritia
408 1961 524 1992 dicitur
539 1970 587 1999 eo,
607 1961 692 2001 quod
707 1961 815 2001 pigeat
835 1962 918 1991 diffi-

141 2015 241 2046 cultas
252 2015 380 2046 laboris,
393 2014 516 2054 Torpor
529 2024 604 2047 vero
619 2015 731 2055 aspicit
743 2016 920 2056 appetitum

141 2068 267 2108 quietis.
282 2067 411 2108 Triplex
425 2070 472 2098 est
488 2070 596 2099 autem
610 2070 719 2108 torpor
733 2068 800 2100 sive
817 2069 920 2108 pigri—

142 2122 205 2161 tia,
230 2123 348 2153 scilicet
367 2122 561 2153 infirmitatis
585 2123 754 2161 naturalis,
781 2123 863 2154 sicut
886 2124 920 2155 in

142 2175 344 2215 flegmaticis,
368 2178 399 2206 et
421 2177 467 2206 est
491 2184 594 2215 poena,
620 2178 651 2206 et
671 2185 735 2206 non
759 2176 871 2216 culpa,
890 2179 920 2208 et

142 2230 189 2258 est
214 2230 323 2268 torpor
349 2228 543 2259 infirmitatis
568 2229 733 2269 acquisitae
759 2239 799 2260 ex
827 2230 920 2270 culpa

142 2282 355 2322 praecedente,
372 2284 408 2313 ut
422 2282 457 2313 in
470 2282 601 2314 ebriosis
616 2284 647 2314 et
658 2283 790 2322 gulosis,
807 2286 837 2315 et
849 2284 919 2316 talis

142 2344 206 2366 non
218 2337 347 2367 excusat
361 2336 537 2367 secundum
552 2337 726 2376 quosdam;
742 2339 773 2368 et
789 2339 836 2368 est
851 2340 920 2369 tor-

142 2398 200 2429 por
224 2389 431 2428 libidinosus,
452 2391 483 2421 et
502 2390 617 2421 dicitur
636 2392 744 2430 torpor
763 2393 916 2431 captatus,

143 2444 173 2472 et
195 2443 247 2473 ille
269 2445 378 2484 torpor
400 2445 447 2474 est
469 2443 619 2475 voluntas
644 2453 794 2475 recusans
817 2445 919 2476 facere

143 2496 265 2528 bonum
284 2497 428 2536 difficile,
457 2507 494 2529 eo
517 2498 603 2538 quod
627 2498 763 2529 difficile.
789 2498 826 2530 Et
848 2499 919 2530 talis

144 2551 263 2590 torpor,
280 2551 346 2582 sive
366 2551 508 2591 pigritia,
526 2561 599 2582 cum
616 2552 655 2582 sit
672 2554 847 2592 peccatum,
867 2563 918 2583 ru-

143 2603 351 2642 prehenditur
365 2605 398 2635 in
412 2604 594 2645 Scripturis.

177 2666 181 2679 ¹
199 2666 286 2696 Greg„
301 2667 402 2696 Moral„
416 2667 459 2691 lib.
476 2668 518 2697 lx,
534 2676 556 2691 0.
575 2674 627 2691 ,1111

263 2719 338 2742 10111.
361 2720 417 2743 vn.

1693 176 1751 207 353

1199 316 1414 351 SECTIO
1454 317 1525 352 IX.

1240 417 1277 445 De
1291 419 1484 446 commissione.

1014 512 1169 553 Sequitur
1187 512 1296 544 videre
1313 513 1352 544 de
1366 513 1547 545 commisso.
1569 513 1613 545 De
1627 522 1692 555 quo
1707 517 1755 546 est

974 565 1114 598 breviter
1134 566 1329 606 videndum,
1355 569 1386 598 et
1406 567 1650 608 adjungendum
1669 569 1753 608 quod

973 622 1021 651 est
1043 621 1256 660 transgressio
1283 621 1366 661 legis
1389 622 1507 654 divinae
1530 621 1731 663 prohibentis
1745 648 1752 662 ‚

974 676 1132 715 quantum
1152 675 1191 706 ad
1214 676 1373 716 praecepta
1387 677 1548 715 negativa.
1575 676 1681 707 Potest
1695 685 1754 708 au·

973 729 1038 758 tem
1067 727 1188 768 aliquid
1212 728 1369 759 committi
1395 731 1505 760 contra
1529 731 1700 769 naturam
1725 733 1756 762 et

973 781 1033 812 1100
1063 781 1248 822 dupliciter,
1281 782 1400 813 scilicet
1421 794 1427 813 :
1460 785 1570 814 contra
1603 786 1754 816 naturam

974 844 1179 866 communem
1201 835 1387 867 hominibus
1410 838 1441 868 et
1463 837 1583 875 brutis,
1609 840 1645 869 ut
1668 838 1755 878 quod

973 889 1134 921 masculus
1154 898 1211 930 pro
1229 890 1347 921 femina
1369 891 1423 930 sit,
1448 893 1479 922 et
1498 891 1559 922 1100
1573 893 1621 922 051
1640 901 1753 932 pecca-

973 945 1043 974 tum
1059 943 1303 982 sodomiticum3
1321 946 1378 975 aut
1392 946 1502 976 contra
1516 946 1666 977 naturam
1681 955 1754 986 par·

973 997 1136 1028 ticularem
1149 1022 1157 1036 ,
1197 999 1233 1028 ut
1267 998 1301 1028 in
1336 1000 1452 1030 natura
1493 999 1661 1039 angelica,
1700 1003 1756 1032 aut

973 1051 1134 1090 humana,
1160 1053 1191 1082 et
1212 1051 1273 1082 hoc
1291 1054 1338 1083 est
1361 1052 1507 1084 naturale
1523 1054 1754 1093 judicatorium

973 1105 1095 1136 dictans
1117 1105 1239 1135 malum
1259 1114 1327 1136 esse
1351 1106 1564 1146 fugiendum,
1582 1111 1613 1138 et
1633 1099 1755 1140 b'onum

973 1158 1166 1190 faciendum.
1191 1158 1253 1189 Ista
1276 1161 1392 1190 natura
1413 1160 1526 1199 dictat,
1549 1161 1635 1201 quod
1658 1162 1753 1193 debe-

974 1222 1046 1244 mus
1062 1212 1124 1245 Deo
1148 1213 1295 1251 obedire,
1311 1212 1414 1243 Deum
1433 1213 1535 1244 colere
1554 1216 1585 1244 et
1606 1214 1753 1255 diligere.

973 1266 1073 1297 Dictat
1088 1267 1184 1297 etiam
1202 1267 1288 1306 quod
1304 1266 1453 1307 proximo
1474 1267 1626 1299 debemus
1641 1269 1754 1310 facere,

974 1320 1059 1360 quod
1076 1320 1169 1350 nobis
1185 1320 1336 1351 volumus
1347 1320 1417 1351 fieri
1429 1321 1468 1352 ab
1482 1321 1610 1361 eodem;
1626 1325 1658 1354 et
1670 1324 1756 1363 quod

974 1373 1066 1405 nobis
1081 1374 1235 1404 nolumus
1249 1374 1320 1404 fieri
1329 1397 1339 1412 ,
1356 1373 1410 1404 alii
1424 1384 1490 1405 non
1505 1375 1659 1407 debemus
1674 1377 1755 1408 irro-

975 1436 1063 1467 gare.
1081 1427 1133 1458 Sic
1148 1428 1241 1467 largo
1256 1427 1362 1466 modo,
1379 1437 1475 1459 omne
1490 1432 1655 1469 peccatum
1670 1431 1755 1471 quod

974 1481 1185 1512 committitur
1202 1505 1208 1520 ,
1240 1483 1286 1512 est
1315 1483 1424 1513 contra
1459 1485 1618 1514 naturam.
1650 1483 1756 1516 Potest

975 1534 1071 1565 etiam
1100 1535 1222 1574 aliquid
1250 1537 1360 1566 contra
1388 1535 1493 1575 legem
1520 1538 1675 1568 committi
1689 1549 1697 1576 ;
1725 1541 1756 1570 et

974 1586 1034 1618 hoc
1055 1587 1225 1627 dupliciter
1249 1588 1413 1619 variatur:
1438 1598 1513 1620 nam
1538 1590 1589 1621 lex
1608 1591 1756 1631 prohibet

974 1641 1094 1681 aliquid
1117 1642 1275 1681 quantum
1300 1641 1339 1672 ad
1358 1651 1453 1673 omne
1474 1645 1617 1684 tempus,
1640 1647 1671 1676 et
1695 1646 1756 1677 hoc

974 1697 1022 1726 est
1038 1694 1234 1735 prohibitum
1257 1695 1334 1734 quia
1353 1697 1400 1726 est
1419 1696 1553 1736 malum,
1573 1700 1604 1728 et
1623 1698 1667 1729 sic
1682 1702 1756 1730 sunt

974 1748 1206 1789 prohibitiones
1230 1749 1398 1788 Decalogi;
1421 1750 1567 1790 prohibet
1583 1752 1680 1783 etiam
1695 1753 1753 1784 ali-

974 1803 1052 1843 quid
1067 1812 1132 1834 non
1153 1802 1339 1843 simpliciter
1350 1826 1357 1840 ,
1374 1803 1429 1834 sed
1451 1804 1492 1834 ad
1506 1805 1649 1845 tempus,
1666 1808 1698 1837 et
1712 1807 1755 1837 sie

975 1858 1050 1887 sunt
1070 1856 1300 1896 prohibitiones
1323 1858 1617 1898 caeremonialium,
1641 1862 1671 1890 et
1695 1860 1756 1891 hoc.

974 1912 1022 1941 est
1036 1910 1157 1941 malum
1170 1910 1246 1950 quia
1258 1910 1467 1949 prohibitum.
1481 1911 1641 1943 Committi
1653 1916 1755 1953 potest,

974 1963 1072 1994 etiam
1089 1963 1211 2003 aliquid
1229 1965 1339 1994 contra
1355 1965 1617 1997 consuetudinem
1627 1990 1635 2005 ,
1651 1970 1682 1998 et
1695 1968 1756 1999 1100

974 2019 1022 2048 051
1036 2017 1122 2057 quod
1136 2017 1346 2048 committitur
1362 2020 1473 2049 contra
1490 2028 1606 2051 mores.
1623 2020 1755 2061 Proprie

974 2073 1082 2102 autem
1106 2071 1285 2111 loquendo,
1309 2080 1378 2102 mos
1401 2081 1467 2103 non
1489 2073 1626 2113 scriptus
1640 2075 1754 2106 dicitur

974 2125 1169 2156 consuetudo
1182 2136 1189 2162 ;
1217 2133 1286 2155 mos
1310 2134 1386 2156 vero
1410 2126 1546 2166 scriptus
1570 2128 1754 2160 constitutio

974 2178 1170 2209 nominatur.
1192 2177 1272 2209 Nota
1289 2180 1397 2209 tamen
1417 2180 1502 2218 quod
1522 2180 1624 2212 facere
1645 2184 1754 2214 contra

974 2231 1237 2261 consuetudinem
1258 2232 1514 2264 conservativam
1536 2233 1681 2273 honesti,
1708 2238 1753 2266 est

975 2285 1157 2324 peccatum,
1176 2283 1278 2314 facere
1293 2286 1403 2315 contra
1421 2287 1684 2319 consuetudinem
1698 2289 1751 2320 de-

973 2338 1160 2369 structivam
1192 2338 1337 2378 honesti,
1368 2342 1515 2371 sanctum
1550 2344 1615 2380 est;
1651 2343 1753 2374 facere

1800 742 1876 763 Pecca-

1770 772 1817 793 tum
1827 779 1878 794 eon·

1772 805 1804 824 lm
1815 806 1876 826 natu—

1770 841 1825 856 ram.

1801 1446 1878 1466 Pecca-

1772 1478 1816 1496 tum
1828 1482 1879 1496 cou-

1785 1509 1818 1527 tra
1835 1507 1865 1528 le-

1785 1545 1844 1565 gem.

1801 1933 1877 1953 Pecca-

1771 1966 1817 1984 tum
1827 1970 1878 1984 eou-

1771 1996 1803 2014 tra
1822 2000 1876 2015 con*-

1771 2026 1870 2047 suetudi-

1771 2063 1829 2077 nem.

974 2394 1084 2423 contra
1109 2392 1373 2424 consuetudinem
1399 2394 1655 2437 indifferentem,
1681 2407 1751 2428 ma·
1776 2416 1779 2418 -

973 2446 1041 2476 lum
1056 2454 1121 2477 non
1136 2448 1193 2476 est.
1206 2445 1383 2478 Honestum
1398 2450 1506 2480 autem
1520 2452 1579 2488 est,
1592 2451 1677 2491 quod
1694 2460 1753 2482 sua

974 2499 1006 2529 vi
1031 2508 1088 2530 1105
1113 2498 1222 2538 trahit,
1247 2502 1278 2530 et
1298 2509 1355 2531 sua
1381 2501 1538 2541 dignitate
1562 2513 1620 2534 nos
1643 2504 1749 2535 allicit.

975 2552 1053 2583 Item
1082 2555 1175 2590 uota,
1207 2554 1293 2592 quod
1321 2554 1372 2584 lex
1402 2556 1531 2595 respicit
1558 2556 1750 2595 honest11m;

975 2607 1170 2638 consuetudo
1195 2607 1262 2638 sive
1294 2608 1476 2640 constitutio
1505 2610 1631 2649 respicit
1658 2612 1752 2649 utile,

975 2660 1059 2700 quod
1075 2662 1122 2690 est
1137 2659 1396 2691 conservativum
1413 2661 1549 2693 honesti.

1596 2716 1635 2748 23
