2003 3037
50 521 111 543 Fidei
122 521 142 542 et

35 553 83 581 spei
104 553 142 573 dff-

35 584 134 606 terentia.

66 1163 146 1184 Defini-

41 1195 71 1216 tio
98 1195 148 1215 cha-

42 1225 121 1247 ritutis.

64 2126 158 2147 Distine-

49 2158 87 2178 tio.

56 2602 161 2622 Pei-tectio

752 221 870 254 PART.
894 221 934 253 111

154 295 316 334 tientiam3
332 293 372 326 ad
388 292 633 334 aggressionem
645 289 855 329 terribilium,
873 289 933 320 ha-

155 349 209 381 bet
226 347 461 384 fortitudinem,
483 347 515 377 et
528 347 604 377 tunc
619 344 660 376 ad
679 343 932 384 expectationem

156 405 285 435 aeternae
297 399 503 433 beatitudinis
515 408 572 440 per
582 407 670 440 spem
679 397 826 438 erigitur,
837 406 856 428 a
869 396 933 429 Deo

155 455 326 488 liberaliter
339 453 552 495 repromissae.

197 509 389 549 Assignatur
408 508 515 538 autem
536 506 618 537 inter
640 505 752 544 fidem,
775 507 806 536 et
830 513 932 545 spem,

156 562 334 595 differentia
344 570 400 602 per
414 561 500 592 hunc
514 560 656 591 modum.
677 558 777 590 Naml
794 558 873 590 fides
888 560 935 589 est

157 618 316 649 bonarum
334 624 456 654 rerum,
481 617 512 646 et
525 614 699 652 malarum;
718 623 789 654 spes
807 615 935 644 tantum

157 671 324 702 bonarum.
343 669 396 700 Est
415 668 512 699 etiam
530 668 609 699 fides
626 676 735 698 rerum
756 666 934 708 praeterita-

158 732 247 762 rum,
265 722 473 764 praesentium
495 723 526 753 et
547 721 748 759 futu1·aru1n;
771 730 842 761 spes
861 722 936 751 tan-

157 780 229 810 tum
247 777 443 808 futurarum.
465 776 544 807 Item
562 775 639 806 fides
662 778 708 806 est
730 784 838 806 rerum
861 783 936 815 pro-

158 832 303 873 priarum
321 832 352 862 et
366 830 564 869 alienarum;
581 839 652 870 spes
671 831 718 860 est
733 829 936 860 solummodo

159 885 373 926 propriarum.

404 983 587 1018 SECTIO
615 984 692 1017 XL.

448 1068 486 1094 De
503 1066 653 1094 charitate.

203 1149 355 1190 Sequitur
371 1147 481 1179 videre
497 1147 535 1178 de
550 1147 722 1178 charitate:
744 1147 827 1177 circa
842 1156 940 1187 quam

164 1206 258 1238 debes
279 1205 478 1237 considerare
501 1203 744 1242 diffinitionem,
765 1203 940 1235 distinctio-

164 1269 254 1297 nem,
279 1258 522 1299 perfectionem,
547 1257 753 1297 diligibilium
777 1257 942 1288 sufficien-

164 1313 258 1352 tiam,
276 1313 308 1343 et
321 1311 442 1343 ordinis
457 1311 663 1351 exigentiam.
681 1310 822 1342 Charitas
836 1310 941 1350 tripli-

165 1367 242 1397 citer
251 1365 418 1397 diffinitur.
429 1364 510 1396 Nam
522 1367 705 1406 comparata
715 1366 753 1396 ad
769 1366 942 1405 objectum,

165 1419 322 1451 diffinitur
335 1419 369 1450 in
385 1419 563 1452 Sententiis
578 1428 597 1450 a
613 1419 766 1459 Magistro
777 1420 788 1436 ²
804 1430 811 1449 :
834 1430 848 1448 a
863 1419 942 1450 Cha—

165 1473 242 1504 ritas
258 1474 304 1504 est
320 1472 459 1511 dilectio,
478 1482 542 1513 qua
556 1472 704 1512 diligitur
722 1472 802 1503 Deus
816 1475 946 1513 propter

166 1535 210 1564 se,
227 1528 257 1557 et
271 1526 438 1567 proximus
454 1528 583 1566 propter
598 1526 710 1556 Deum.
728 1536 742 1554 n
759 1525 946 1566 Comparate

167 1579 206 1611 ad
219 1581 325 1611 actum
341 1580 520 1619 proprium,
537 1580 592 1619 qui
608 1581 655 1610 est
669 1579 779 1610 vivere
795 1582 825 1609 et
840 1579 946 1610 adhae-

167 1642 248 1671 rere,
265 1633 419 1664 diffinitur
433 1633 472 1664 ab
487 1633 670 1672 Augustino
685 1633 728 1663 sic
741 1633 765 1663 ³:
779 1633 947 1664 «Charitas

168 1689 215 1718 est
228 1687 405 1718 rectissima
414 1687 514 1718 animi
526 1687 662 1726 affectio,
675 1688 878 1727 conjungens
889 1696 947 1718 nos

169 1739 242 1771 Deo.
258 1751 273 1769 n
295 1740 367 1772 Vel:
389 1751 404 1769 «
420 1740 561 1771 Charitas
574 1742 620 1771 est
634 1740 749 1779 virtus,
767 1749 831 1780 qua
846 1740 947 1771 Deum

168 1793 330 1832 videmus,
351 1803 388 1825 eo
404 1794 491 1834 quod
509 1794 572 1825 frui
589 1794 816 1825 desideramus.
833 1805 848 1823 »
869 1793 925 1826 Vel
939 1806 945 1826 ε

171 1858 186 1877 (ι
200 1847 342 1879 Charitas
361 1849 408 1878 est
423 1848 505 1885 vita,
521 1847 673 1888 copulans
694 1850 856 1878 amantem
872 1857 947 1879 cum

168 1904 283 1933 amato.
300 1912 315 1930 »
330 1901 518 1940 Comparate
529 1901 569 1932 ad
585 1901 733 1932 habitum
750 1901 809 1931 sibi
825 1902 948 1941 injunc—

167 1958 253 1993 tum,
273 1954 430 1985 diffinitur
451 1954 490 1985 ab
510 1954 660 1994 Apostolo
675 1954 705 1985 ⁴:
732 1955 881 1987 Charitas
903 1960 950 1988 esc

168 2009 247 2048 finis
260 2009 414 2048 praecepti·
434 2008 473 2040 de
488 2008 580 2040 corde
593 2016 692 2049 puro,
710 2012 739 2041 et
756 2010 950 2042 conscientia

169 2062 262 2099 bona,
278 2065 308 2094 et
322 2061 386 2100 fide
399 2070 463 2094 non
478 2062 567 2101 sicta.

210 2115 425 2154 Distinguitur
441 2115 527 2145 enim
542 2116 624 2146 inter
637 2125 791 2154 amorem,
810 2118 840 2146 et
856 2116 949 2146 dilec-

169 2168 304 2205 tionem,
322 2170 353 2198 et
371 2168 568 2198 charitatem.
588 2168 668 2199 Nau]
687 2177 778 2199 amor
799 2170 949 2208 competit

169 2221 394 2260 rationalibus,
410 2223 441 2252 et
455 2221 693 2252 irrationalibus
708 2223 878 2261 creaturis;
898 2223 948 2254 di-

168 2276 260 2307 lectio
279 2284 356 2307 vero
380 2278 410 2306 et
431 2275 568 2306 charitas
590 2277 716 2307 tantum
738 2277 949 2308 rationalibus

168 2329 284 2360 dicitur
298 2329 478 2360 convenire.
495 2329 573 2360 Item
588 2330 671 2360 inter
684 2329 884 2361 dilectionem
894 2355 901 2369 ‚
919 2334 950 2362 et

169 2383 374 2422 charitatem,
398 2383 576 2414 differentia
595 2383 779 2414 invenitur:
802 2384 881 2415 Nam
899 2385 950 2415 di-

170 2437 271 2476 lectio,
290 2438 380 2478 quasi
395 2437 433 2469 de
449 2437 588 2470 diversis
607 2438 727 2476 electio,
740 2439 949 2469 rationalibus

172 2491 335 2529 convenit,
353 2491 420 2522 sive
431 2491 543 2531 justis,
562 2492 629 2523 sive
648 2492 792 2531 inJusti53
814 2493 950 2523 charitas

173 2552 249 2574 vero
264 2544 368 2575 solum
385 2547 432 2575 est
447 2546 621 2585 justorum.

214 2596 269 2627 Est
286 2599 394 2628 autem
415 2598 448 2629 in
469 2599 636 2638 charitate,
661 2607 728 2638 prae
746 2599 867 2630 caeteris
883 2601 948 2631 vir-

207 2678 214 2694 ¹
242 2679 318 2708 Aug„
347 2678 489 2708 Enchirid„
515 2687 538 2704 c.
562 2686 619 2704 vni.
641 2694 672 2698 —
697 2681 707 2697 ²
731 2680 811 2710 Sent.,
839 2681 881 2706 tib.
907 2683 948 2712 ill,

173 2713 228 2738 dist.
247 2719 292 2743 vu,
308 2713 360 2745 huj.
375 2713 434 2739 edit.
451 2716 514 2740 tom.
528 2716 547 2746 1,
558 2723 584 2747 p.
596 2717 650 2741 272.
664 2715 712 2734 -3
725 2718 801 2748 Aug„
814 2717 843 2741 cle
858 2717 949 2743 Morib.

941 245 948 253 .
971 219 1080 253 SEc'r.
1103 219 1165 252 XL.

1709 220 1768 250 409

989 287 1128 327 tutibus,
1145 287 1295 329 perfectio
1309 289 1340 319 et
1357 287 1497 328 dignitas
1511 286 1667 328 specialis.
1687 285 1768 317 Nam

990 351 1065 374 cum
1082 342 1123 373 sit
1135 342 1238 373 forma
1252 341 1423 380 virtutum,
1439 350 1504 372 non
1522 342 1624 381 potest
1639 349 1707 372 esse
1722 340 1770 371 in-

991 395 1101 427 formis
1116 394 1233 436 triplici
1246 395 1386 426 ratione:
1405 404 1472 426 una
1487 404 1528 426 ex
1545 396 1631 435 parte
1641 393 1768 434 objecti,

991 449 1075 480 idem
1088 450 1175 481 enim
1190 449 1284 480 habet
1300 458 1356 489 pro
1372 449 1494 489 objecto
1508 451 1539 480 et
1552 457 1609 488 pro
1624 448 1704 479 fine:
1721 449 1772 479 in-

991 503 1178 543 separabilis
1192 502 1280 534 enim
1295 504 1341 533 est
1355 512 1375 533 a
1388 503 1467 541 fine,
1481 502 1603 533 ratione
1617 503 1710 542 cujus
1725 503 1774 533 est

992 556 1141 597 perfectio
1159 558 1316 597 quantum
1337 556 1376 587 ad
1402 556 1552 587 meritum
1577 556 1610 586 in
1633 556 1771 594 virtute;

992 610 1055 641 alia
1069 619 1110 641 ex
1126 612 1215 651 parte
1236 610 1387 650 subjecti,
1403 610 1473 650 ipsa
1488 610 1575 641 enim
1590 611 1637 641 est
1658 609 1774 649 regula

992 664 1168 695 rectificans
1183 664 1396 701 voluntatem,
1413 673 1478 704 qua
1496 663 1686 702 rectificata,
1709 665 1775 694 tota

993 717 1100 749 anima
1115 719 1198 748 recte
1213 718 1308 755 vivit;
1325 717 1418 748 tertia
1431 720 1478 748 est
1492 727 1531 748 ex
1546 719 1636 757 parte
1655 725 1773 756 causae,

993 772 1089 803 habet
1102 772 1189 803 enim
1205 772 1448 803 similitudinem
1463 781 1537 802 cum
1554 771 1675 812 Spiritu
1688 781 1776 802 sano-

994 828 1037 864 to,
1050 835 1069 857 a
1083 835 1148 866 quo
1163 828 1220 865 est,
1238 826 1294 866 qui
1308 826 1404 857 etiam
1414 826 1553 856 charitas
1567 825 1695 863 dicitur,
1707 825 1777 857 sive

995 889 1086 911 amor
1108 890 1127 911 a
1148 889 1212 920 quo
1234 879 1454 920 inseparabilis
1473 881 1544 910 est:
1567 880 1598 909 et
1620 878 1690 910 ideo
1710 887 1777 910 esse

996 933 1143 964 informis
1157 933 1290 964 omnino
1304 942 1368 964 non
1384 935 1500 973 potest.

1037 986 1182 1025 Quatuor
1191 989 1300 1018 autem
1313 989 1388 1018 sunt
1397 996 1438 1018 ex
1450 987 1603 1018 charitate
1615 986 1779 1026 diligenda

997 1040 1175 1072 secundum
1199 1041 1422 1080 Augustinum
1435 1041 1463 1070 ⁶:
1482 1049 1601 1079 unum,
1625 1040 1712 1080 quod
1732 1041 1780 1071 est

997 1103 1095 1134 supra
1109 1103 1184 1132 nos,
1201 1094 1318 1124 scilicet
1330 1093 1429 1132 Deus;
1450 1094 1603 1130 alterum,
1621 1092 1707 1133 quod
1722 1101 1780 1123 nos

998 1157 1129 1186 sumus3
1158 1147 1303 1186 tertium,
1331 1148 1419 1188 quod
1439 1149 1535 1187 Juxta
1561 1156 1638 1185 nos,
1665 1146 1781 1177 scilicet

998 1202 1185 1242 proximus;
1200 1203 1363 1242 quartum,
1380 1201 1464 1242 quod
1476 1201 1561 1232 infra
1572 1210 1636 1232 nos
1649 1202 1706 1239 est,
1724 1200 1782 1231 sci-

998 1256 1071 1287 licet
1085 1256 1265 1287 humanum
1280 1264 1407 1296 corpus.
1425 1254 1548 1286 Horum
1564 1257 1704 1295 quatuor
1717 1254 1781 1285 suf-

999 1310 1137 1341 ficientia
1159 1310 1204 1340 sic
1220 1309 1384 1350 accipitur.
1401 1308 1449 1340 Ex
1466 1309 1619 1339 charitate
1632 1309 1779 1349 diligere,

1000 1366 1047 1396 est
1056 1373 1223 1395 summum
1233 1363 1356 1394 bonum
1371 1365 1480 1402 optare
1491 1362 1614 1393 dilecto.
1629 1362 1689 1400 Qui
1703 1371 1781 1403 ergo

1000 1427 1041 1449 ex
1055 1418 1207 1449 charitate
1226 1417 1346 1456 diligit,
1364 1419 1419 1447 aut
1438 1418 1524 1457 optat
1541 1426 1708 1448 summum
1722 1417 1780 1449 bo-

1000 1481 1080 1502 num
1095 1472 1157 1512 ipsi
1171 1471 1246 1509 Deo,
1259 1473 1290 1502 et
1303 1471 1347 1501 sic
1363 1472 1410 1502 est
1425 1471 1567 1510 primum
1581 1471 1781 1510 membrum;

1001 1528 1057 1557 aut
1072 1526 1132 1556 sibi
1148 1526 1219 1566 ipsi,
1236 1528 1266 1556 et
1280 1526 1324 1555 sic
1336 1527 1384 1555 est
1394 1525 1571 1555 secundum
1583 1525 1781 1563 membrum;

1002 1582 1057 1611 aut
1073 1579 1182 1618 simili,
1199 1581 1230 1610 et
1247 1579 1290 1609 sic
1306 1580 1354 1609 est
1372 1579 1501 1609 tertium
1511 1589 1518 1616 ;
1537 1580 1592 1609 aut
1605 1578 1664 1609 sibi
1680 1578 1782 1609 inhae-

1002 1633 1101 1670 renti,
1127 1635 1157 1663 et
1180 1633 1224 1663 sic
1244 1635 1291 1663 est
1313 1634 1475 1672 quartum.
1500 1630 1555 1662 Est
1578 1633 1686 1662 autem
1703 1631 1786 1662 Deus

1003 1687 1190 1727 diligendus
1211 1686 1317 1727 primo
1339 1695 1436 1726 super
1456 1686 1565 1717 omnia
1586 1689 1715 1726 propter
1733 1696 1783 1724 se3

1003 1750 1063 1772 nos
1076 1741 1225 1779 secundo,
1243 1750 1301 1781 pro
1317 1740 1391 1778 Deo,
1406 1743 1436 1771 et
1448 1740 1507 1771 sub
1519 1740 1599 1778 Deo;
1618 1739 1785 1780 proximus

1003 1797 1110 1826 noster
1128 1795 1235 1833 tertio,
1255 1795 1336 1825 sicut
1350 1803 1424 1832 nos,
1442 1796 1472 1824 et
1487 1803 1528 1825 ex
1543 1803 1608 1834 quo
1622 1803 1691 1832 nOS‚
1709 1794 1786 1833 quia

1005 1849 1119 1880 affectu
1136 1851 1166 1879 et
1180 1849 1313 1887 effectu;
1330 1849 1370 1879 ad
1387 1848 1472 1888 quod
1487 1857 1556 1886 nos,
1573 1849 1648 1888 quia
1661 1848 1700 1878 ad
1713 1857 1786 1887 gra-

1004 1903 1082 1933 tiam
1104 1903 1137 1933 in
1155 1902 1319 1942 praesenti,
1338 1904 1367 1932 et
1389 1902 1427 1932 ad
1449 1901 1585 1941 gloriam
1606 1901 1638 1931 iu
1657 1902 1784 1941 futuro3

1004 1958 1038 1988 in
1050 1966 1113 1997 quo
1130 1966 1200 1995 nos,
1211 1956 1289 1996 quia
1304 1955 1337 1985 in
1352 1955 1454 1993 bon03
1472 1956 1602 1995 propter
1617 1954 1701 1994 quod
1715 1963 1784 1993 nos,

1005 2012 1080 2052 quia
1095 2013 1223 2051 propter
1237 2010 1348 2041 Deum.
1365 2009 1483 2047 Quarto
1498 2018 1612 2049 corpus
1623 2010 1783 2047 nostrum,

1004 2065 1088 2096 infra
1113 2074 1172 2095 nos
1191 2066 1221 2095 et
1250 2064 1453 2104 proximum,
1481 2065 1635 2102 tanquam
1660 2062 1784 2093 bonum

1005 2119 1111 2149 minus
1143 2119 1355 2158 praecipuum.
1389 2117 1438 2148 Ad
1467 2117 1537 2147 haec
1570 2118 1678 2146 autem
1706 2125 1784 2146 exe-

1005 2172 1130 2212 quenda
1145 2172 1238 2202 datur
1252 2171 1343 2202 nobis
1358 2171 1456 2201 unius
1468 2170 1630 2200 eharitatis
1642 2169 1782 2206 habitus,

1005 2228 1033 2256 et
1050 2225 1167 2265 duplex
1184 2225 1381 2262 mandatum,
1399 2224 1432 2254 in
1447 2233 1511 2263 quo
1527 2223 1642 2263 pendet
1654 2224 1784 2254 univer-

1005 2280 1080 2309 sitas
1098 2278 1179 2310 Novi
1207 2281 1237 2309 et
1260 2278 1381 2308 Veteris
1402 2277 1606 2308 Testamenti.
1632 2277 1785 2316 Assignat

1004 2336 1112 2363 autem
1142 2332 1332 2363 Ambrosius
1356 2332 1377 2370 ὃ,
1406 2334 1520 2371 praeter
1546 2331 1763 2371 supradictum
1775 2356 1782 2370 ,

1005 2386 1103 2416 alium
1123 2386 1268 2416 ordinem
1289 2385 1462 2424 diligendi:
1487 2387 1521 2415 ut
1542 2385 1647 2425 primo
1666 2385 1782 2423 Deum,

1005 2440 1143 2471 secundo
1157 2441 1378 2479 nosmetipsos,
1393 2439 1486 2469 tertio
1500 2441 1657 2478 parentes,
1672 2439 1785 2469 deiude

1005 2494 1087 2524 filios
1106 2496 1136 2524 et
1157 2494 1285 2531 fratres,
1304 2494 1410 2532 postea
1429 2492 1634 2530 domesticos,
1652 2492 1784 2523 demum

1005 2548 1151 2578 inimicos
1164 2547 1349 2586 diligamus.

1008 2612 1084 2642 Eccl„
1101 2619 1122 2635 Q.
1140 2618 1157 2635 1.
1182 2625 1207 2628 μ
1237 2612 1246 2627 ⁸
1269 2612 1275 2634 l
1302 2610 1374 2640 Tim„
1391 2616 1407 2640 1,
1431 2611 1453 2632 Γ).
1479 2623 1508 2627 -
1532 2610 1541 2626 ⁶
1566 2610 1639 2639 Aug„
1660 2609 1688 2631 tle
1717 2610 1785 2633 Doct.

1009 2647 1114 2675 Christ.¹
1127 2647 1170 2670 lib.
1184 2648 1200 2676 l,
1217 2654 1238 2670 c.
1256 2652 1332 2670 xxm.
1348 2659 1373 2662 —
1391 2647 1399 2659 ⁶
1414 2646 1527 2669 liabetur
1543 2646 1608 2675 apud
1624 2646 1688 2675 Mag.
1707 2646 1786 2674 sent„

1008 2683 1049 2707 lib.
1067 2683 1110 2714 ill,
1124 2683 1181 2707 dist.
1195 2689 1267 2712 xxu,
1283 2680 1402 2712 §Quibus
1413 2681 1507 2710 obviat,
1518 2681 1571 2711 huj.
1588 2681 1646 2705 edit.
1662 2682 1726 2705 tom.
1744 2681 1785 2711 lV,

1008 2726 1033 2750 p.
1050 2720 1103 2744 644.

1834 1101 1900 1121 suffi-

1807 1132 1888 1153 cientia

1802 1163 1898 1190 diligibi-

1796 1195 1859 1215 lium.
