2003 3037
90 1256 155 1278 Ratio

55 1287 146 1314 justitiae

62 1318 104 1340 Dei
118 1318 141 1338 in

46 1355 156 1372 resurree-

48 1381 116 1402 tione.

109 2649 173 2670 Ratio

689 207 739 239 DE
761 205 891 239 STATU
913 205 936 238 F
940 203 1072 237 lNALlS
1091 202 1239 236 JUDICII.

159 287 291 320 corpore
302 277 466 319 puniatur,
480 277 532 309 vel
542 275 727 318 praemietur
736 274 769 306 in
781 275 935 315 utroque;

159 332 341 365 reformatio
363 333 471 363 autem
486 330 601 371 gratiae
615 328 767 370 requirit,
783 329 821 360 ut
835 329 938 360 totum

160 395 275 427 corpus
311 384 506 417 assimiletur
539 383 663 416 Christo
699 381 792 423 capiti
803 406 813 422 ,
844 383 938 423 cujus

161 449 276 481 corpus
306 441 470 471 mortuum
495 437 713 469 necessarium
741 436 802 467 suit
828 444 936 467 resur-

162 503 239 534 gere
250 517 258 532 ‚
275 502 347 525 cum
368 492 497 524 unitum
512 492 594 523 esset
607 490 859 532 inseparabiliter
873 490 938 521 dei-

163 547 236 586 tati3
267 545 435 587 completio
461 554 539 578 vcro
566 547 692 576 naturae
719 544 874 585 requirit,
903 546 941 576 ut

163 601 260 632 homo
284 601 404 632 constet
425 599 522 631 simul
544 609 584 631 ex
606 608 738 640 corpore
761 600 792 630 et
812 598 939 637 anima,

163 657 317 695 tanquam
331 663 372 686 ex
390 654 523 686 materia
535 655 565 685 et
578 654 691 693 forma,
704 662 778 694 quae
789 654 941 684 mutuum

164 708 283 740 habent
291 707 477 748 appetitum,
490 709 521 738 et
531 706 767 739 inclinationem
780 709 939 738 mutuam:

163 769 290 793 necesse
313 762 376 800 cst,
403 760 667 792 resurrectionem
692 770 760 792 esse
781 761 940 799 futuram,

164 815 316 855 exigente
328 814 412 846 hanc
436 814 474 855 (a)
492 814 716 846 constitutione
730 816 874 853 naturae,
889 814 942 845 in-

165 868 289 900 fusione
322 868 436 908 gratiae
449 893 456 906 ‚
487 869 518 899 et
551 868 762 899 retributione
788 868 921 908 justitiae
932 892 940 907 ‚

165 922 343 954 secundum
363 931 442 962 quas
457 923 523 953 tota
543 922 735 953 universitas
749 922 846 953 habet
860 922 941 962 regi.

166 976 205 1008 Et
219 976 300 1015 ideo,
318 985 358 1007 ex
371 976 421 1007 his
436 975 548 1015 tribus,
566 975 674 1007 omnia
689 976 826 1006 clamant
836 975 943 1006 homi-

166 1039 241 1062 nem
261 1030 482 1061 suscitandum
494 1054 502 1069 ,
519 1031 555 1061 ut
576 1030 680 1061 omnis
700 1029 829 1061 tollatur
843 1039 945 1061 excur

167 1083 247 1115 satio
268 1083 347 1123 illis,
364 1083 420 1124 qui
444 1085 555 1115 contra
575 1084 658 1114 hanc
683 1084 851 1115 veritatem
869 1083 944 1115 fidei

167 1137 416 1176 obsurdescunt,
433 1139 463 1169 et
485 1138 598 1169 merito
620 1140 728 1169 contra
751 1138 852 1169 tales¹
869 1138 943 1170 zmi-

169 1199 278 1223 versus
289 1195 415 1232 paynel·
425 1191 511 1224 orbis
525 1195 693 1224 terrarum.

210 1244 318 1276 Primo
339 1246 449 1285 igitur,
471 1246 625 1286 quoniam
647 1246 838 1277 resurrectio
855 1245 946 1276 debet

169 1308 237 1330 esse
261 1300 438 1331 secundnm
461 1300 659 1340 exigentiam
685 1300 804 1331 ordinis
826 1300 946 1332 divinae

166 1354 314 1394 justitiae,
336 1356 367 1385 et
387 1354 632 1395 divinajustitia
650 1355 752 1386 reddit
773 1354 946 1395 unicnique

170 1407 254 1447 quod
270 1417 366 1438 suum
381 1409 427 1438 est
441 1417 498 1448 pro
514 1408 586 1438 loco
601 1410 632 1439 et
648 1410 791 1448 tempore
805 1433 812 1446 ‚
830 1410 861 1439 et
876 1418 945 1439 om-

169 1460 219 1491 nis
234 1461 341 1491 anima
353 1461 478 1501 corpori
494 1461 593 1492 semel
607 1463 639 1492 et
653 1462 690 1493 ad
702 1464 856 1502 punctum
870 1464 948 1493 tem-

170 1514 255 1554 poris
270 1515 429 1554 unita‚vel
445 1515 542 1546 habet
557 1516 589 1546 in
604 1525 641 1546 eo
656 1516 795 1556 culpam,
811 1516 861 1547 vel
876 1526 948 1556 gra-

170 1568 248 1600 tiam
276 1579 282 1599 z
309 1577 436 1600 necesse
458 1571 505 1600 est
528 1569 611 1609 quod
633 1578 743 1600 omncs
762 1572 945 1610 resurgant.

171 1621 210 1653 Et
224 1622 299 1662 quia
313 1622 482 1653 distinctus
503 1622 595 1653 debet
610 1632 677 1654 esse
692 1625 793 1654 status
809 1624 946 1655 retribu-

171 1675 267 1706 tionis
283 1685 302 1707 a
315 1678 400 1707 statu
414 1676 496 1715 viae,
514 1678 544 1707 et
559 1679 751 1708 resurrectio
775 1680 894 1718 spectat
910 1678 949 1709 ad

172 1730 290 1760 statum
318 1730 559 1761 retributionis:
587 1732 623 1761 ut
646 1739 712 1761 non
737 1731 950 1762 confundatur

173 1783 250 1814 ordo
265 1783 407 1814 universi
419 1807 428 1822 ,
445 1786 475 1814 et
490 1786 526 1815 ut
538 1784 618 1814 fides
640 1784 756 1815 haheat
774 1785 926 1816 meritum
940 1810 947 1825 ‚

175 1845 248 1876 quae
263 1836 361 1867 credit
384 1837 468 1877 quod
484 1846 549 1868 non
563 1837 669 1875 videt,
686 1839 716 1868 ct
729 1840 766 1869 ut
784 1839 902 1870 certius
921 1841 950 1870 et

175 1891 292 1922 clarius
307 1894 458 1931 appareat
472 1892 607 1932 aequitas
623 1892 740 1923 divinae
753 1892 904 1932 justitiae,
921 1895 952 1923 et

175 1946 212 1975 ut
226 1945 319 1975 simul
331 1945 387 1975 fiat
402 1945 634 1976 consummatio
648 1947 679 1976 et
690 1946 857 1977 retributio
874 1947 952 1977 fina-

175 1998 214 2029 lis
229 1999 263 2029 in
278 1999 403 2038 angelis
418 2001 448 2029 et
460 1999 664 2037 hominibu53
681 1999 819 2040 requirit
832 2000 892 2031 hoc
907 2000 953 2031 di-

176 2052 254 2083 vina
274 2052 419 2092 justitia,
444 2054 481 2083 ut
503 2062 614 2084 omnes
639 2055 811 2093 resurgant
835 2053 951 2093 simul,

178 2108 337 2145 quantun]
356 2108 403 2136 est
422 2106 460 2136 de
479 2106 552 2146 lege
573 2107 748 2138 communi.
774 2106 865 2144 Quod
885 2107 954 2138 dico

179 2160 308 2199 propter
322 2159 482 2190 Christum
493 2182 501 2197 ‚
518 2162 549 2190 et
565 2161 634 2200 ejus
649 2161 864 2191 beatissimam
887 2160 954 2191 Ma-

179 2214 262 2244 trem
289 2213 462 2252 gloriosam
501 2213 665 2252 virginem
700 2213 846 2244 Marlam.
875 2213 956 2250 Quia

180 2276 257 2298 vero
274 2266 366 2297 malis
381 2266 514 2297 debetur
528 2275 622 2306 poena
636 2268 665 2297 et
682 2267 829 2305 miseria,
846 2269 876 2297 et
898 2267 954 2298 bo-

181 2321 231 2351 nis
251 2320 355 2360 gloria
381 2331 388 2351 :
416 2320 505 2359 ideo,
533 2320 589 2350 etsi
615 2320 711 2350 simul
735 2323 907 2360 resurgant
923 2321 957 2352 in

182 2376 340 2414 tempore⁷
368 2373 457 2405 valde
476 2376 582 2404 tamen
609 2373 776 2404 dissimiles
800 2375 895 2404 erunt
923 2375 957 2405 in

184 2428 373 2459 conditione.
390 2427 469 2458 Nam
485 2427 559 2468 quia
580 2427 672 2458 matis
687 2428 878 2459 resurrectio
893 2437 958 2459 non

185 2483 230 2512 est
254 2482 293 2512 ad
313 2482 434 2521 vitam,
456 2481 510 2512 sed
535 2481 573 2512 ad
595 2481 805 2521 supplicium,
832 2491 959 2513 necesse

186 2536 232 2565 est
246 2535 331 2574 quod
352 2535 413 2575 ipsi
433 2544 506 2565 cum
520 2535 760 2566 infirmitatibus
771 2559 780 2574 ‚
803 2537 834 2566 et
851 2535 957 2566 defor-

187 2588 351 2618 mitatibus
361 2611 371 2626 ,
388 2590 419 2619 ct
433 2588 605 2619 defectibus
620 2588 825 2619 suscitentur.

230 2641 350 2672 Rursus
363 2664 371 2679 ‚
391 2641 466 2680 quia
494 2642 685 2673 resurrectio
708 2641 801 2673 debet
822 2651 891 2673 esse
909 2651 957 2675 se-

221 2704 256 2737 (a)
268 2703 330 2728 Caet.
345 2702 406 2726 edit.
418 2702 477 2727 hac.

328 2756 403 2780 ron.
424 2756 482 2779 vn.

1711 209 1768 242 ³37

992 272 1135 304 cundum
1157 271 1354 312 exigentiam
1384 275 1668 308 consummationis
1692 286 1771 318 gra-

991 327 1060 367 ttae,
1078 329 1109 359 ct
1127 327 1264 368 perfecta
1289 328 1393 368 gratia
1415 329 1488 362 facit
1508 339 1566 362 nos
1589 331 1770 366 conformes

993 381 1119 413 Christo
1135 381 1229 422 capiti
1243 383 1353 414 nostro
1366 406 1376 422 ,
1394 382 1425 414 in
1441 393 1505 424 quo
1520 384 1628 417 nullus
1640 385 1700 418 fuit
1713 386 1769 419 de-

992 436 1093 468 fectus
1118 435 1360 476 membrorum,
1388 437 1442 469 sed
1459 439 1596 478 perfecta
1619 442 1715 481 aetas,
1741 443 1773 474 et

994 493 1116 523 statura
1132 491 1256 530 debita,
1280 493 1312 523 et
1331 491 1454 533 effigies
1476 493 1632 533 formosa;
1655 504 1772 537 oppor-

994 547 1109 577 tunum
1126 546 1183 584 est,
1201 545 1287 586 quod
1301 545 1376 577 boni
1391 547 1586 580 suscitentur
1602 549 1634 580 in
1645 550 1775 591 optimis

995 599 1248 638 conditionibus,
1265 608 1302 631 ac
1321 608 1378 640 per
1392 599 1452 632 hoc
1467 610 1595 634 necesse
1609 605 1672 643 est,
1689 605 1774 645 quod

996 653 1029 684 in
1044 653 1088 684 eis
1104 653 1181 684 vitia
1201 653 1423 693 detrahantur,
1441 657 1472 686 et
1486 657 1602 688 natura
1616 662 1774 691 servetur.

997 706 1222 747 Opportunum
1241 707 1337 738 etiam
1352 710 1415 748 est,
1431 710 1469 740 ut
1488 709 1512 740 si
1528 710 1655 751 aliquod
1673 721 1776 744 mem-

996 759 1093 792 brum
1107 760 1230 799 deerat,
1248 761 1450 802 suppleatur;
1467 762 1493 793 si
1515 763 1624 805 aliqua
1640 767 1708 797 erat
1721 775 1778 798 si:-

996 814 1176 854 perunum,
1193 814 1373 854 auferatur;
1391 815 1418 846 si
1433 816 1540 857 aliqua
1555 818 1777 852 membrorum

997 868 1215 907 deordinatio,
1239 868 1440 909 corrigatur;
1464 870 1490 901 si
1512 872 1668 911 parvulus
1689 875 1775 914 erat,

998 923 1037 954 ad
1052 923 1262 964 quantitatem
1282 923 1383 955 aetatis
1402 924 1535 965 Christi,
1558 936 1657 968 quam
1678 928 1776 960 habe-

997 976 1051 1008 bat
1064 976 1097 1007 in
1111 977 1364 1017 resurrectione,
1381 977 1454 1010 licet
1469 988 1535 1011 non
1550 980 1584 1011 in
1605 982 1710 1023 mole,
1730 983 1778 1014 di-

999 1029 1074 1061 vina
1095 1029 1214 1061 virtute
1237 1030 1413 1063 deducatur
1423 1043 1431 1071 ;
1461 1033 1488 1064 si
1518 1034 1712 1076 decrepitus,
1739 1037 1779 1069 ad

998 1082 1145 1114 eamdem
1159 1085 1287 1115 aetatem
1301 1085 1474 1117 reducatur
1483 1097 1491 1125 ;
1508 1087 1535 1118 si
1550 1088 1661 1128 gigas,
1679 1090 1705 1121 si
1720 1099 1778 1122 na-

999 1145 1077 1176 nuS,
1093 1137 1133 1169 ad
1148 1147 1335 1170 mensuram
1350 1148 1532 1180 congruam
1545 1142 1700 1175 limitetur
1716 1155 1724 1176 :
1742 1147 1778 1177 ut

1000 1191 1044 1222 sic
1058 1200 1169 1222 omnes
1191 1192 1311 1233 integri
1326 1195 1356 1225 et
1375 1195 1504 1234 perfecti
1520 1196 1530 1213 ²
1551 1200 1724 1231 occurrant
1745 1199 1782 1231 in

1000 1245 1108 1277 virum
1123 1246 1300 1285 perfectum
1314 1249 1351 1279 in
1364 1256 1548 1282 mensuram
1562 1252 1667 1284 oetatz's
1679 1252 1781 1292 ptem·-

1002 1298 1130 1331 tudinis
1146 1299 1282 1333 Christi.

1042 1352 1208 1385 Postremo
1219 1379 1227 1393 ‚
1244 1355 1320 1395 quia
1334 1357 1526 1389 resurrectio
1542 1358 1635 1390 debet
1649 1369 1718 1393 esse
1733 1371 1781 1394 se-

1002 1406 1145 1438 cundum
1162 1407 1358 1447 exigentiam
1375 1410 1576 1450 perfectionis
1587 1415 1714 1446 naturae
1726 1440 1734 1455 ‚
1752 1417 1784 1447 et

1002 1463 1119 1492 natura
1135 1462 1268 1501 spiritus
1290 1463 1455 1495 rationalis
1473 1466 1576 1506 exigit
1598 1468 1684 1508 quod
1699 1469 1782 1502 vivi-

1003 1515 1075 1546 ficet
1094 1524 1208 1555 corpus
1227 1516 1393 1556 proprium
1405 1542 1414 1556 ,
1432 1519 1509 1559 quia
1529 1522 1679 1561 proprius
1694 1525 1783 1556 actus

1003 1569 1038 1600 in
1052 1569 1181 1609 propria
1203 1571 1337 1601 materia
1353 1571 1449 1603 habet
1463 1574 1533 1604 fieri
1549 1585 1555 1606 :
1573 1585 1700 1609 necesse
1715 1581 1762 1610 est
1772 1603 1782 1618 ‚

1004 1623 1089 1663 quod
1104 1623 1189 1654 idem
1205 1633 1321 1664 corpus
1338 1634 1475 1657 numero
1489 1632 1656 1670 resurgat,
1668 1633 1699 1662 et
1709 1632 1785 1664 alio-

1005 1677 1083 1717 quin
1108 1686 1173 1708 non
1201 1680 1283 1709 esset
1305 1681 1497 1712 resurrectio
1524 1691 1612 1716 vera.
1639 1684 1785 1727 Requirit

1005 1731 1101 1762 etiam
1117 1733 1234 1762 natura
1247 1732 1365 1764 animae
1387 1734 1550 1768 rationalis
1571 1739 1602 1768 et
1616 1738 1783 1773 immorta-

1005 1785 1062 1824 lis,
1084 1786 1169 1826 quod
1189 1786 1270 1817 sicut
1293 1787 1390 1819 habet
1414 1798 1482 1821 esse
1504 1795 1716 1834 perpetuum,
1741 1795 1786 1828 sic

1006 1849 1120 1880 corpus
1143 1840 1259 1871 habeat
1282 1842 1335 1873 cui
1355 1846 1509 1884 perpetuo
1524 1845 1639 1878 influat
1658 1849 1758 1881 vitam
1775 1861 1783 1881 ε

1007 1903 1042 1924 ac
1056 1902 1113 1933 per
1134 1893 1196 1924 hoc
1209 1918 1216 1932 ‚
1233 1903 1348 1935 corpus
1362 1897 1447 1936 quod
1469 1899 1586 1931 animae
1600 1902 1728 1943 unitur,
1745 1914 1787 1935 ex

1007 1946 1075 1987 ipsa
1099 1947 1219 1978 unione
1246 1948 1479 1982 ordinationem
1502 1952 1598 1985 habet
1619 1955 1658 1987 ad
1681 1957 1784 1989 incor-

1007 2001 1190 2040 ruptionem
1205 2004 1394 2042 perpetuam
1409 2015 1415 2036 :
1430 2005 1473 2036 ita
1488 2007 1596 2039 tamen
1609 2011 1694 2050 quod
1707 2011 1787 2044 illud

1008 2054 1041 2085 in
1057 2063 1121 2094 quo
1140 2056 1283 2086 consistit
1307 2057 1484 2091 substantia
1508 2061 1604 2093 totius
1627 2066 1785 2105 corporis,

1009 2108 1089 2139 sicut
1104 2110 1179 2139 sunt
1194 2110 1341 2141 membra
1357 2112 1556 2154 principalia,
1574 2118 1606 2147 et
1620 2118 1717 2150 etiam
1730 2120 1788 2152 hu-

1009 2161 1136 2192 miditas
1151 2163 1305 2201 radicalis,
1323 2166 1353 2195 et
1366 2174 1439 2197 caro
1449 2170 1625 2202 secundum
1636 2174 1784 2213 speciem⁷

1011 2215 1126 2246 habeat
1138 2217 1370 2250 ordinationem
1385 2223 1613 2264 necessariam3
1625 2227 1686 2258 alia
1698 2238 1786 2269 vero,

1012 2268 1129 2300 scilicet
1144 2279 1217 2301 caro
1233 2273 1410 2305 secundum
1427 2277 1595 2310 materiam
1606 2304 1616 2318 ,
1637 2283 1668 2313 et
1684 2285 1789 2323 partes

1012 2334 1086 2365 quae
1112 2328 1189 2358 sunt
1212 2328 1250 2358 de
1274 2329 1356 2361 bene
1379 2340 1446 2363 esse
1471 2336 1627 2376 corporis,
1652 2338 1791 2373 habeant

1784 289 1894 307 recurret>-

1803 316 1871 337 tionis

1796 354 1823 370 ex
1833 354 1886 369 con-

1791 384 1888 401 mmm-e

1811 411 1872 433 tione

1787 443 1873 470 gratio.

1839 1374 1904 1395 Ratio

1806 1412 1834 1427 ex
1839 1412 1894 1427 eon-

1811 1438 1895 1459 ditione

1797 1470 1889 1491 naturae.

1013 2377 1247 2411 ordinationem
1271 2381 1310 2412 de
1333 2391 1479 2423 congruo
1503 2396 1510 2416 ε
1531 2388 1561 2417 et
1583 2388 1653 2420 ideo
1676 2392 1790 2431 primae
1821 2413 1824 2415 -

1013 2433 1118 2471 partes
1141 2435 1216 2464 sunt
1230 2434 1386 2467 ordinatae
1403 2437 1442 2468 ad
1459 2442 1721 2476 resurrectionem
1740 2455 1792 2478 se-

1014 2485 1156 2516 cundum
1184 2487 1329 2520 ordinem
1365 2492 1584 2533 necessitatis;
1619 2497 1690 2529 aliae
1715 2509 1793 2532 vero

1015 2547 1126 2570 omnes
1162 2542 1339 2573 secundum
1375 2544 1521 2577 ordinem
1570 2552 1790 2590 congruitatis.

1017 2591 1118 2629 Quem
1134 2594 1262 2634 quidem
1278 2597 1422 2629 ordinem
1445 2600 1522 2640 quia
1538 2602 1621 2635 Deus
1634 2604 1795 2646 impressit

1017 2648 1164 2685 naturae,
1198 2652 1228 2679 et
1253 2653 1368 2682 natura
1402 2662 1466 2684 non
1491 2657 1593 2694 potest
1618 2659 1791 2700 perficere,

1053 2710 1060 2725 ¹
1077 2710 1146 2742 Sap„
1161 2718 1186 2742 v,
1200 2713 1239 2737 21.
1257 2727 1282 2730 —
1300 2714 1308 2727 ²
1322 2715 1426 2747 Ephes„
1442 2723 1477 2748 iv,
1496 2719 1535 2742 13.

1617 2767 1658 2797 22
