2003 3037
168 216 228 247 290

168 290 259 314 mens
281 281 425 312 humana
448 285 515 310 non
537 275 672 318 quiescit
685 298 696 314 ,
720 274 782 306 nisi
804 273 838 304 in
860 272 946 304 bono

167 335 294 368 infinito
307 358 317 373 ,
339 342 399 365 nec
420 333 529 363 tamen
552 329 632 361 illud
653 328 781 370 proprie
801 334 947 366 compre-

166 388 278 420 hendit
287 411 297 427 ,
312 387 390 429 quia
403 385 568 417 infinitum
585 392 650 415 non
664 380 946 423 comprehenditur

167 451 186 473 a
206 441 317 480 finito,
334 441 462 481 accepta
483 437 769 479 comprehensione
790 434 918 476 proprie
935 442 943 464 ε

166 496 242 527 hinc
255 494 421 535 estquod,
439 494 598 534 quantum
618 491 655 523 ad
675 489 853 522 secundum
876 496 946 518 mo-

166 549 245 581 dum
266 547 499 589 cognoscendi,
521 546 631 578 anima
655 544 771 577 Christi
792 552 849 583 per
873 542 944 582 glo-

165 603 249 635 riam
271 599 566 643 comprehensionis
594 599 677 640 capit
700 599 947 638 quantumcum-

166 666 231 699 que
243 658 348 698 potest
363 665 475 697 capere
489 657 606 686 natura
631 653 722 684 finita
745 660 802 692 per
822 651 946 681 bonum

166 711 330 742 infinitum
343 709 539 746 beatificata,
553 707 606 738 cui
621 708 668 738 est
686 713 811 736 summe
831 703 923 734 unita
937 714 944 734 :

167 774 204 796 ac
226 773 283 805 per
304 764 365 795 hoc
386 763 426 795 ad
445 763 537 794 finita
564 771 597 793 se
619 759 762 792 extendit
784 757 949 789 actualiter

167 817 465 859 comprehendendo
476 841 486 855 ‚
503 816 543 847 ad
561 815 688 846 infinita
702 821 780 845 vero
800 811 947 842 habitua-

166 872 238 904 liter
247 896 255 911 ,
271 872 324 904 vel
338 872 435 903 etiam
447 869 639 902 excedendo.
652 867 723 899 Non
739 866 825 898 enim
842 867 947 906 potest

166 926 275 958 anima
293 925 408 957 Christi
430 924 552 965 aequari
570 923 691 961 Verbo,
710 930 769 953 nec
788 921 821 951 in
842 920 946 951 scien-

166 980 220 1019 tia,
237 989 296 1011 nec
318 979 351 1010 in
370 979 478 1020 aliquo
494 978 569 1010 alio.
585 977 726 1014 Rursus,
742 974 818 1015 quia
841 973 947 1014 gratia

166 1034 310 1065 maxime
337 1032 465 1073 respicit
495 1040 576 1072 opus
602 1028 843 1071 reparationis;
871 1027 945 1057 hinc

167 1090 230 1126 est,
246 1087 331 1128 quod
357 1086 534 1118 secundum
557 1085 689 1116 tertium
712 1082 845 1113 modum
862 1089 946 1120 cog-

166 1141 318 1174 noscendi
333 1149 389 1181 per
411 1139 550 1180 gratiam
569 1136 847 1178 perfectissimam,
872 1143 947 1174 cog-

166 1195 257 1227 novit
273 1194 416 1226 Christus
429 1193 556 1231 omnia,
573 1200 646 1232 quae
667 1191 810 1230 spectant
830 1188 870 1218 ad
890 1196 946 1218 re-

166 1249 364 1290 parationem
389 1253 549 1283 nostram‚
570 1245 667 1284 longe
691 1242 898 1274 excellentius
915 1244 946 1272 et

166 1304 305 1342 melius,
335 1310 434 1342 quam
462 1300 577 1340 aliquis
606 1297 837 1339 prophetarum
854 1320 862 1334 ‚
893 1294 945 1326 vel

166 1356 263 1387 etiam
293 1354 497 1395 angelorum.
528 1351 695 1392 Amplius,
727 1350 803 1390 quia
832 1351 947 1380 natura

166 1409 306 1441 hominis
329 1409 409 1439 bene
431 1407 593 1444 instituta,
610 1407 685 1436 nata
707 1406 775 1435 crat
796 1403 947 1434 omnibus

166 1464 321 1495 creaturis
336 1472 490 1504 praeesse,
513 1463 545 1492 et
566 1461 649 1500 ipsas
668 1467 774 1496 nosse,
794 1460 946 1498 tanquam

167 1527 219 1549 eas
234 1527 307 1558 quae
322 1517 459 1549 debeant
475 1515 533 1546 sibi
549 1515 686 1552 servire,
703 1513 785 1544 sicut
799 1512 901 1552 patuit
914 1511 947 1541 in

166 1571 263 1612 primi
285 1570 425 1602 hominis
449 1568 648 1605 conditione;
673 1567 747 1597 hinc
770 1568 817 1597 est
839 1565 945 1605 quod,

167 1628 325 1666 quantum
341 1625 380 1656 ad
396 1627 549 1665 quartum
563 1622 695 1653 modum
710 1619 945 1660 cognoscendi,

167 1680 319 1719 coguovit
343 1678 486 1709 Christus
515 1677 624 1708 omnia
647 1685 720 1716 quae
745 1677 886 1715 spectant
908 1674 947 1705 ad

168 1734 366 1765 mundanam
382 1732 564 1763 machinam
578 1730 836 1766 construendam,
851 1729 947 1768 longe

167 1787 372 1819 excellentius
395 1795 493 1826 quam
516 1785 629 1816 Adam.
657 1784 822 1814 Postremo
836 1806 844 1819 ‚
871 1782 946 1821 quia

167 1851 279 1873 sensus
298 1850 362 1871 non
385 1842 431 1871 cst
456 1839 655 1880 perceptivus
678 1846 788 1868 rerum
801 1860 809 1874 ‚
829 1836 890 1866 nisi
907 1836 947 1866 ad

168 1896 282 1936 objecti
297 1894 521 1935 praesentiam
544 1893 617 1923 hinc
632 1894 679 1922 est
703 1891 805 1931 quod,
830 1899 947 1920 secun-

167 1950 246 1981 dum
272 1948 488 1988 cognitionem
517 1946 703 1977 sensitivam
720 1968 727 1982 ‚
759 1953 824 1975 non
851 1944 947 1974 simul

168 2002 380 2042 cognoscebat
401 2001 510 2032 onmia
525 2024 533 2038 ,
552 2000 605 2030 sed
631 1998 725 2029 modo
746 1998 815 2028 haec
827 2021 836 2034 ,
853 1997 947 2028 modo

167 2056 222 2087 illa
234 2080 241 2094 ‚
253 2057 349 2096 juxta
368 2055 451 2095 quod
475 2055 693 2094 opportunum
708 2053 776 2082 erat
799 2051 838 2081 ad
860 2059 946 2090 repa-

167 2110 288 2141 tionem
300 2108 436 2140 humani
451 2106 580 2147 generis
594 2105 781 2136 faciendam.

421 2216 580 2251 CAPUT
612 2215 695 2248 VII.

236 2302 273 2327 De
290 2299 463 2335 plenitudine
481 2297 571 2324 meriti
592 2296 694 2322 Christi
714 2295 741 2320 *in
764 2293 865 2328 effectu.

209 2378 251 2409 De
266 2376 463 2417 plenitudine
487 2376 595 2405 autem
617 2373 722 2403 meriti
750 2371 865 2402 Christi
887 2371 946 2401 hoc

167 2432 343 2463 tenendum
355 2433 417 2467 cst,
434 2429 520 2469 quod
536 2429 568 2458 in
583 2427 707 2457 Christo
731 2425 866 2456 Domino
889 2424 947 2454 suit

121 2508 143 2522 m
168 2485 274 2517 omnis
294 2484 399 2514 meriti
418 2482 565 2522 perfectio
589 2483 619 2511 ct
639 2479 802 2519 plenitudo
819 2478 945 2517 :primo

46 2534 144 2585 mxx-{i
169 2540 328 2579 quantum
345 2537 384 2567 ad
399 2546 472 2566 cum
488 2535 544 2575 qui
563 2534 763 2569 merebatur,
782 2531 857 2570 quia
881 2540 945 2562 non

47 2596 68 2615 1¹¹
80 2596 153 2617 Chri*
169 2596 295 2625 tantum
310 2591 371 2622 fuit
386 2590 482 2620 homo
493 2612 501 2627 ‚
523 2596 638 2618 verum
658 2586 756 2617 etiam
771 2583 875 2620 Deus3
895 2593 944 2614 se-

88 2629 117 2647 10'
168 2647 272 2678 cundo
286 2647 445 2686 quantum
459 2642 498 2673 ad
512 2643 640 2681 tempus
661 2640 694 2670 in
718 2647 781 2679 quo
797 2637 945 2668 mereba-

167 2704 231 2738 tur,
244 2700 320 2740 quia
332 2699 372 2730 ab
386 2695 517 2728 instanti
534 2693 748 2733 conceptionis
757 2699 826 2724 suae
841 2699 945 2731 usque

55 2505 115 2528 Scyt(

755 201 1009 240 BREVILOQUII
1033 202 1135 236 PARS
1157 204 1209 236 IV.

1000 271 1041 303 ad
1055 271 1171 303 horam
1184 272 1298 304 mortis
1310 281 1395 311 suae3
1409 272 1503 304 tertio
1516 275 1676 313 quantum
1689 275 1731 307 ad
1742 275 1776 307 id

1000 326 1084 366 quod
1109 327 1308 365 merebatur,
1332 327 1408 368 quia
1430 336 1488 367 per
1510 328 1777 368 perfectissimum

1001 379 1150 412 habitum
1165 381 1328 412 charitatis
1338 405 1349 420 ,
1359 383 1390 412 et
1405 381 1674 422 perfectissimum
1687 391 1777 415 exer-

999 432 1112 464 citium
1128 434 1272 473 virtutis‚
1287 435 1322 466 in
1337 435 1472 473 orand0,
1491 435 1526 466 in
1539 436 1681 475 agendo,
1697 437 1728 467 et
1745 436 1779 467 in

999 487 1163 527 patiendo;
1181 491 1296 529 quarto
1310 491 1468 530 quantum
1484 488 1523 520 ad
1545 498 1620 520 eum
1642 489 1694 520 cui
1710 498 1779 520 me-

1000 541 1148 580 rebatur,
1159 542 1236 582 quia
1246 551 1311 574 non
1321 545 1447 574 tantum
1457 542 1518 573 sibi
1527 566 1539 581 ,
1555 551 1671 574 verum
1681 543 1779 574 etiam

1000 595 1092 626 nobis
1101 619 1109 633 ,
1123 596 1188 628 imo
1203 597 1354 628 omnibus
1365 597 1460 637 justis
1472 606 1480 636 ;
1490 596 1603 637 quinto
1618 599 1778 637 quantum

1000 649 1040 680 ad
1063 649 1143 681 illud
1165 650 1250 690 quod
1273 651 1456 682 merebatur
1483 650 1590 689 nobis,
1613 651 1689 691 quia
1711 659 1778 682 non

1000 704 1126 734 tantum
1144 703 1281 743 gloriam
1294 729 1304 743 ,
1328 713 1444 736 verum
1467 704 1562 735 etiam
1586 705 1725 744 gratiam
1748 706 1780 736 et

1001 757 1150 796 veniam;
1167 760 1198 789 et
1216 767 1282 789 non
1305 760 1432 790 tantum
1460 758 1598 798 gloriam
1623 758 1755 799 spiritus
1767 782 1776 797 ‚

1001 811 1056 842 sed
1073 810 1170 842 etiam
1190 811 1304 842 stolam
1320 811 1424 843 carnis
1435 836 1445 850 ‚
1460 813 1491 843 et
1513 812 1709 852 apertionem
1726 812 1777 852 Ja-

1001 875 1077 897 nuae
1099 866 1256 905 coelestis;
1281 868 1370 898 sexto
1395 868 1552 907 quantum
1577 866 1617 897 ad
1639 866 1670 897 id
1694 866 1780 906 quod

1002 920 1186 952 merebatur
1212 920 1293 959 sibi,
1318 920 1394 960 quia
1420 919 1493 951 licet
1513 928 1579 950 non
1603 921 1780 951 mereretur

1001 974 1061 1005 sibi
1077 974 1343 1014 glorificationem
1362 974 1498 1012 mentis,
1515 983 1612 1014 quam
1630 975 1699 1014 jam
1722 973 1780 1004 ha-

1001 1028 1105 1068 bebat,
1118 1028 1304 1059 merebatur
1317 1031 1425 1059 tamen
1435 1027 1701 1067 glorificationem
1714 1036 1782 1058 cor-

1001 1082 1104 1122 poris,
1120 1084 1152 1113 et
1173 1081 1438 1113 accelerationem
1461 1081 1725 1120 resurrectionis,
1749 1083 1781 1113 et

1001 1135 1260 1167 clarificationem
1286 1135 1336 1166 sui
1358 1135 1514 1172 nominis,
1539 1137 1570 1166 ct
1590 1135 1780 1175 dignitatem

997 1189 1176 1228 judiciariae
1201 1189 1380 1229 potestatis;
1398 1189 1534 1232 septimo
1557 1191 1716 1228 quantum
1739 1188 1780 1220 ad

1002 1243 1151 1281 modum,
1169 1252 1233 1283 quo
1252 1243 1435 1274 merebatur
1452 1253 1458 1273 :
1477 1251 1550 1273 cum
1572 1242 1658 1273 enim
1674 1241 1778 1282 tripli·
1794 1249 1895 1284 Triplici.-

1001 1298 1078 1327 citer
1092 1297 1215 1327 dicatur
1229 1297 1345 1337 aliquis
1361 1296 1477 1327 mereri
1496 1307 1502 1326 :
1518 1295 1567 1327 vel
1581 1295 1619 1326 de
1637 1295 1779 1328 indebito
1795 1280 1900 1332 ²322?

1002 1350 1144 1381 faciendo
1171 1350 1333 1386 debitum3
1360 1350 1410 1381 vel
1439 1350 1478 1381 de
1504 1349 1610 1380 debito
1638 1349 1780 1380 faciendo
1796 1345 1902 1396 quffgrssm·

1003 1404 1111 1442 magis
1129 1403 1271 1434 debitum
1287 1415 1294 1441 ;
1311 1403 1361 1435 vel
1383 1403 1422 1434 dc
1448 1403 1555 1434 debito
1579 1412 1646 1434 uno
1672 1402 1778 1441 modo,
1823 1382 1833 1396 r
1869 1390 1875 1396 ⁸

1002 1456 1145 1488 faciendo
1165 1457 1308 1488 debitum
1328 1457 1391 1487 alio
1412 1456 1507 1488 modo
1533 1466 1540 1487 :
1565 1456 1715 1487 omnihus
1731 1456 1781 1486 his

1003 1511 1108 1542 modis
1136 1511 1253 1542 meruit
1277 1511 1369 1542 nobis
1385 1535 1393 1547 ,
1420 1511 1512 1541 tertio
1535 1512 1661 1541 tantum
1687 1510 1781 1541 modo

1004 1565 1123 1596 meruit
1138 1565 1215 1604 sibi,
1233 1565 1367 1596 faciente
1380 1565 1440 1596 hoc
1456 1564 1654 1605 plenitudine
1668 1564 1782 1604 gratiae

1004 1618 1141 1659 Spiritus
1169 1620 1289 1658 sancti,
1314 1628 1370 1660 per
1393 1628 1490 1659 quam
1515 1619 1661 1650 Christus
1684 1618 1782 1650 simul

1004 1676 1072 1704 erat
1087 1673 1198 1704 beatus
1209 1697 1217 1712 ‚
1235 1676 1265 1704 et
1280 1674 1313 1704 in
1337 1675 1422 1704 statu
1447 1673 1589 1704 merendi
1605 1683 1612 1704 ι
1629 1673 1674 1703 ita
1695 1671 1782 1713 quod

1003 1737 1099 1767 super
1123 1728 1193 1767 ejus
1221 1727 1373 1758 meritum
1395 1726 1503 1757 omnia
1532 1727 1646 1757 merita
1673 1727 1783 1757 nostra

1004 1781 1123 1811 habent
1139 1781 1276 1811 fundari.

1047 1834 1136 1865 Ratio
1147 1836 1254 1865 autem
1269 1833 1308 1864 ad
1322 1833 1567 1873 intelligentiam
1580 1833 1697 1864 horum
1713 1832 1782 1863 haec
1798 1841 1903 1874 monitu--

1005 1890 1051 1919 est
1069 1899 1074 1918 :
1092 1888 1169 1928 quia
1185 1897 1259 1918 cum
1274 1888 1305 1917 in
1321 1887 1478 1927 principio
1492 1886 1682 1927 reparativo,
1697 1885 1783 1917 Chri·
1797 1871 1904 1923 33:5³2}

1005 1944 1054 1971 sto
1071 1941 1189 1972 scilicet
1204 1941 1338 1971 Domino
1354 1943 1472 1977 nostro,
1491 1939 1669 1971 necessaria
1689 1939 1783 1969 suerit
1797 1936 1818 1955 ¹⁰
1828 1933 1905 1960 ΨΜ·

1005 1994 1170 2034 plenitudo
1198 1994 1311 2033 gratiae
1342 1996 1371 2024 ct
1397 1993 1580 2033 sapientiae,
1608 2001 1681 2032 quae
1708 1993 1783 2022 sunt
1798 1966 1904 2021 auziri?-

1004 2048 1096 2078 nohis
1111 2048 1207 2085 origo
1223 2050 1305 2078 recte
1325 2049 1355 2078 et
1370 2049 1475 2077 sancte
1490 2046 1638 2084 vivendi3
1656 2054 1783 2076 necesse
1804 2032 1892 2078 ⁰¹23?-

1004 2104 1051 2132 est
1066 2101 1151 2141 quod
1171 2101 1203 2131 in
1221 2101 1343 2132 Christo
1368 2100 1463 2131 suerit
1476 2099 1642 2140 plenitudo
1664 2101 1695 2130 et
1709 2107 1780 2139 per-

1004 2154 1097 2185 fectio
1114 2155 1218 2185 omnis
1234 2154 1341 2197 meriti
1355 2178 1362 2192 ‚
1379 2154 1557 2185 secundum
1571 2162 1701 2184 omnem
1718 2161 1784 2183 mo-

1005 2207 1083 2238 dum
1099 2208 1321 2248 plenitudinis.
1339 2208 1419 2246 Quia
1435 2207 1520 2238 enim
1536 2207 1570 2237 in
1584 2206 1707 2238 Christo
1723 2206 1784 2237 fuit

1004 2261 1169 2301 plenitudo
1194 2262 1308 2301 gratia:
1335 2261 1487 2299 unionis,
1513 2270 1570 2301 per
1594 2269 1692 2300 quam
1716 2261 1783 2290 erat

1004 2314 1087 2345 Deus
1108 2316 1147 2346 ab
1162 2315 1291 2346 instanti
1320 2314 1551 2355 conceptionis,
1570 2314 1691 2344 habens
1711 2312 1780 2351 glo-

1004 2368 1086 2399 riam
1102 2369 1414 2409 comprehensionis,
1431 2371 1461 2399 et
1478 2370 1601 2398 motum
1616 2367 1708 2397 liberi
1729 2375 1781 2396 ar-

1003 2422 1111 2459 b’1trii;
1140 2422 1214 2452 hinc
1240 2424 1312 2459 est,
1339 2422 1423 2462 quod
1452 2421 1629 2452 necessario
1658 2420 1718 2450 fuit
1747 2419 1781 2450 in

1005 2475 1129 2506 Christo
1158 2476 1308 2516 perfectio
1334 2476 1466 2513 meriti,
1497 2478 1527 2506 et
1554 2476 1712 2514 quantum
1742 2474 1781 2505 ad

1004 2529 1305 2560 excellentissimam
1334 2529 1525 2569 dignitatem
1554 2528 1721 2567 merentis,
1751 2531 1781 2559 et

1003 2585 1163 2622 quantum
1198 2583 1238 2614 ad
1272 2583 1471 2614 celerrimam
1509 2582 1778 2621 opportunitatem

1003 2638 1166 2678 temporis.
1182 2636 1326 2675 Rursus,
1343 2636 1418 2676 quia
1432 2636 1493 2667 fuit
1506 2635 1540 2666 in
1558 2645 1595 2667 eo
1617 2635 1779 2676 plenitudo

1003 2692 1116 2730 gratiae
1136 2691 1309 2731 singularis
1334 2698 1498 2730 personae,
1524 2698 1581 2730 per
1601 2699 1699 2730 quam
1720 2689 1779 2720 ha-
