2003 3037
100 493 179 515 Radix.

196 254 256 284 360

196 320 237 351 ab
255 317 451 359 insipiditate
471 316 588 348 dieitur
609 315 776 354 inchoare,
793 315 850 356 qui
865 314 973 355 potius

195 373 230 404 in
253 371 375 404 malitia
399 370 536 412 peccati,
558 377 658 411 quam
677 369 713 401 in
736 367 893 401 suavitate
917 367 974 399 Dei

196 425 295 466 elegit
310 423 470 457 delectari.

237 478 339 511 Radix
354 478 451 510 etiam
461 476 579 519 peccati
588 501 596 516 ,
612 476 681 508 sive
692 475 768 508 mali
779 500 787 515 ‚
802 483 877 515 quae
891 475 976 506 circa

195 535 362 575 peccatum
386 532 464 564 dicit
481 531 625 563 libidinis
645 529 855 572 pronitatem,
870 529 975 570 tripli-

195 588 274 620 citer
291 587 396 629 potest
418 586 524 625 sumi,
548 585 691 616 scilicet:
713 583 974 624 generalissime,

197 650 272 674 cum
285 640 403 673 dicitur
421 650 430 672 ε
447 639 648 680 «Cupiditas,
664 639 731 670 sive
747 637 846 669 libido
862 639 909 668 est
923 645 976 668 ra-

197 695 252 727 dix
275 694 424 727 omnium
448 693 632 732 malorum;
657 704 672 722 n
698 691 892 732 generaliter
907 715 917 730 ‚
942 692 980 722 ut

198 758 273 781 cum
286 748 403 780 dicitur
420 758 428 780 :
449 758 464 778 α
477 746 601 788 Duplex
615 747 663 778 est
678 745 772 777 radix
793 745 955 776 malorum
967 769 976 783 ,

199 802 317 834 scilicet
331 810 423 834 amor
437 800 520 832 male
535 799 710 832 accendens
721 824 729 838 ,
741 801 771 831 et
784 799 883 830 timor
895 798 980 830 male

199 856 375 888 humilians
383 880 392 895 ,
404 855 472 887 sive
487 854 656 894 dejiciens:
669 862 761 884 amor
773 854 821 884 est
832 853 980 892 respectu

200 910 275 942 boni
285 934 293 949 ,
309 909 406 941 timor
421 910 568 950 respectu
581 906 677 945 mali·,
690 917 704 936 ι)
723 906 832 938 minus
845 914 981 946 genera-

200 964 287 1003 liter,
304 968 340 995 ut
354 972 430 995 cum
444 962 575 1000 dicitur,
591 961 677 1002 quod
692 960 809 1001 triplex
823 961 870 991 est
886 959 980 990 radix

202 1018 338 1059 peccati,
355 1017 472 1049 scilicet
488 1019 496 1036 ¹
511 1014 767 1056 eoncupiscentia
783 1014 896 1052 carniS,
910 1021 982 1045 con-

203 1071 397 1113 cupiscentia
412 1070 598 1109 oculorum,
614 1072 646 1100 et
669 1068 819 1110 superbia
838 1067 926 1099 vitae.
945 1066 984 1098 Et

204 1126 249 1157 sic
263 1126 348 1167 patet
362 1134 403 1156 ex
418 1123 591 1165 praedictis,
609 1132 674 1163 quo
695 1122 790 1153 modo
811 1121 984 1161 accipiatur

205 1179 322 1210 vitium
342 1178 485 1219 capitale.
502 1177 593 1208 Patet
613 1176 727 1215 etiam,
744 1175 830 1216 quod
852 1175 985 1206 initium

206 1233 322 1264 dicitur
337 1231 509 1273 aliquando
520 1231 559 1262 de
573 1230 723 1271 superbia
733 1254 742 1268 ,
756 1229 928 1269 aliquando
942 1228 981 1259 de

207 1294 332 1324 errore,
353 1284 525 1325 aliquando
549 1283 588 1315 de
611 1282 804 1323 insipientia.
823 1282 913 1314 Patet
937 1281 986 1312 ui-

208 1339 384 1371 hilominus
396 1362 403 1376 ‚
420 1338 507 1379 quod
522 1337 693 1378 aliquando
707 1337 825 1368 dicitur
848 1345 913 1368 una
933 1344 989 1366 ra-

210 1393 264 1423 dix
275 1416 283 1431 ,
300 1391 472 1433 aliquando
488 1391 576 1430 duae,
594 1391 766 1431 aliquando
781 1393 856 1421 tres.

437 1501 607 1536 SECTIO
644 1500 765 1534 XV11.

509 1584 546 1610 Dc
559 1582 703 1617 Superbia.

253 1663 323 1694 Jam
346 1663 385 1694 de
404 1661 542 1701 singulis
564 1661 650 1692 vitiis
672 1660 860 1701 capitalibus
877 1663 924 1691 est
945 1660 994 1691 vi-

213 1719 354 1750 dendum
372 1729 378 1749 τ
396 1721 427 1749 et
442 1717 595 1758 primorie
612 1717 777 1757 superbia,
792 1717 873 1747 cirea
893 1725 991 1756 quain

214 1773 276 1803 tria
291 1773 363 1803 sunt
382 1771 590 1809 attendenda,
612 1771 728 1801 scilicet
748 1770 911 1807 diffinitio,
933 1769 993 1800 ‹lif-

217 1826 362 1863 t'erentia,
379 1827 410 1856 et
425 1825 556 1865 gradus.
575 1824 731 1864 Superbia
747 1823 902 1853 diffinitur
918 1823 962 1853 sic
976 1833 994 1854 a

220 1879 378 1911 Bernardo
393 1882 404 1898 ¹
421 1889 427 1909 :
448 1890 462 1907 «
482 1878 638 1919 Superbia
659 1880 705 1909 est
730 1877 867 1917 propriae
889 1877 993 1907 excel-

216 1934 324 1965 lcntiae
334 1934 502 1974 appetitus.
514 1944 527 1961 ι)
544 1932 595 1963 Sic
609 1932 648 1963 ab
659 1931 844 1971 Augustino
855 1931 865 1945 *³
883 1941 889 1960 z
908 1942 922 1960 ι(
940 1930 997 1962 Su-

218 1988 327 2028 perbia
342 1989 390 2018 est
401 1996 491 2017 amor
507 1986 644 2026 propriae
656 1985 862 2015 cxcellentiae.
880 1995 894 2012 »
917 1984 995 2015 ltclu

219 2042 258 2072 ab
272 2041 383 2072 eodem
398 2040 407 2056 '⁴
425 2049 431 2070 :
453 2052 466 2069 α
483 2039 638 2080 Superbia
655 2041 699 2069 est
722 2047 881 2079 perversae
905 2037 994 2069 celsi-

220 2094 340 2126 tudinis
355 2094 525 2134 appetitus.
542 2105 556 2122 i)

261 2148 415 2188 Superbia
432 2172 441 2186 ,
458 2147 631 2178 secuudum
654 2146 848 2186 Gregorium
865 2149 886 2183 ὅ,
903 2146 999 2176 habet

221 2205 358 2243 quatuor
384 2202 579 2233 differentias
605 2212 611 2232 z
639 2201 741 2241 prima
771 2203 844 2238 est,
870 2200 998 2241 quando

221 2257 318 2287 bomo
344 2256 488 2287 attribuit
513 2255 571 2285 sibi
602 2255 722 2286 bonum
738 2279 746 2293 ‚
773 2254 858 2294 quod
886 2254 997 2292 habet;

222 2310 361 2341 secunda
374 2312 435 2346 est,
453 2308 580 2349 quando
593 2333 601 2347 ,
622 2308 680 2339 etsi
704 2317 768 2338 uon
790 2308 865 2345 sibi,
893 2310 1000 2338 tamen

222 2363 288 2394 suis
302 2363 439 2400 meritis;
455 2363 548 2393 tertia
561 2364 623 2399 est,
642 2361 769 2402 quaudo
777 2362 874 2401 jactat
891 2371 923 2391 se
940 2361 1000 2392 ha-

222 2417 316 2454 bere,
332 2416 417 2456 quod
433 2425 496 2446 nou
513 2415 606 2446 habet
620 2426 627 2453 ;
651 2418 765 2455 quarta
786 2418 833 2445 est
846 2439 853 2453 ‚
871 2415 1000 2455 quando

224 2480 257 2501 se
272 2470 432 2501 existimat
454 2470 522 2499 aliis
547 2469 732 2509 praevalere.
751 2467 837 2499 Unde
859 2478 972 2499 versus
992 2480 998 2499 z

272 2553 290 2576 Λ
308 2558 345 2582 se,
361 2558 407 2582 pro
423 2550 529 2579 meritis.
545 2549 621 2580 salse,
637 2549 692 2581 plus
708 2549 828 2574 omnibus
843 2549 921 2573 intlat.

266 2631 448 2665 Secundum
458 2631 646 2662 Anselrnum
653 2630 675 2668 ⁶,
683 2632 822 2671 quatuor
832 2632 906 2661 sunt
917 2630 1002 2661 exal-

226 2687 353 2718 tationis
377 2686 496 2725 speeies
523 2694 530 2715 t
554 2685 701 2724 quaedam
725 2686 770 2715 est
793 2683 943 2715 exaltatio
969 2684 1002 2714 in

262 2754 266 2766 ¹
285 2751 289 2773 Ι
308 2750 390 2777 dorm„
408 2755 444 2778 ιιι,
464 2749 499 2771 ts».
511 2761 541 2765 ——-
553 2748 560 2761 ²
575 2747 766 2777 nei-n..E1·1st.,
782 2753 845 2776 anu,
859 2749 918 2771 aute
933 2747 1002 2771 nied.

852 244 1160 284 CENTlLOQUIUM.

1031 312 1204 354 opinione3
1226 314 1377 356 quaedam
1399 313 1435 345 in
1453 313 1638 354 voluntate3
1662 314 1812 356 quaedam

1031 367 1066 398 in
1081 375 1247 407 sermone3
1263 368 1413 409 quaedam
1428 366 1462 398 in
1481 376 1588 408 opere.
1605 367 1764 400 Exaltatio
1777 368 1813 400 in

1032 420 1183 462 opinione
1200 423 1265 461 est,
1282 430 1356 453 cum
1378 420 1450 462 quis
1471 422 1602 462 reputat
1621 429 1655 453 se
1676 421 1814 462 dignum

1032 475 1219 516 episcopatu
1240 499 1249 515 ‚
1277 475 1330 507 vel
1355 475 1463 516 aliqua
1492 474 1652 514 dignitate
1665 499 1677 514 ‚
1705 477 1814 507 tamen

1033 529 1131 562 nollet
1154 539 1226 562 eam
1250 530 1381 562 habere.
1408 529 1568 561 Exaltatio
1592 529 1628 561 in
1647 529 1816 562 voluntate

1034 586 1098 623 est,
1121 592 1198 615 cum
1221 584 1294 625 quis
1313 584 1409 615 vellet
1429 583 1550 615 habere
1574 582 1813 624 episcopatum,

1034 640 1143 669 tamen
1166 646 1231 669 non
1252 639 1381 679 reputat
1400 647 1435 669 se
1457 638 1620 677 dignum,
1641 637 1694 669 vel
1717 637 1816 669 etiam

1035 691 1198 732 opinatur.
1214 690 1373 723 Exaltatio
1389 691 1422 722 in
1442 699 1590 723 sermone
1604 693 1669 730 est,
1687 691 1816 732 quando

1036 753 1096 776 nec
1110 753 1144 776 se
1157 745 1296 785 dignum
1315 746 1462 785 reputat,
1477 753 1537 776 nec
1558 744 1655 776 vellet
1673 744 1814 784 habere3

1036 800 1144 830 tamen
1158 798 1302 839 loquitur
1316 798 1496 839 ampullosa
1518 798 1557 830 de
1577 798 1686 839 aliqua
1709 799 1815 830 scien-

1037 853 1096 892 tia,
1112 854 1149 884 ut
1169 852 1275 893 magis
1295 854 1458 893 appareat.
1482 851 1643 883 Exaltatio
1665 851 1700 883 in
1721 861 1817 894 opere

1037 908 1101 945 est,
1117 905 1247 946 quando
1263 905 1378 946 aliquis
1393 914 1452 937 nec
1466 914 1499 937 se
1513 905 1653 945 dignum
1669 907 1796 946 reputat
1806 930 1815 946 ‚

1038 969 1097 992 nec
1110 960 1206 992 vellet
1219 960 1356 999 habere,
1379 969 1438 991 nee
1451 960 1596 1000 loquitur
1614 967 1752 1000 magna3
1768 961 1816 992 ta-

1039 1024 1115 1046 men
1133 1014 1294 1046 exaltatur
1308 1015 1340 1045 in
1357 1023 1452 1055 opere
1464 1039 1473 1053 ,
1490 1015 1525 1045 ut
1539 1012 1669 1055 quando
1685 1015 1819 1046 vocatur

1040 1069 1080 1100 ad
1093 1068 1221 1100 consilia
1233 1092 1241 1106 ,
1259 1072 1290 1099 et
1303 1067 1502 1108 huiusmodi.

1081 1122 1204 1153 Gradus
1215 1122 1385 1162 superbiae,
1397 1121 1573 1153 secundum
1585 1122 1784 1154 Bernardum
1793 1121 1817 1161 “’,

1041 1179 1117 1208 sunt
1133 1176 1317 1214 duodecim,
1339 1176 1456 1207 scilicet
1473 1186 1480 1207 :
1498 1176 1683 1215 curiositas,
1706 1175 1820 1207 levitas

1043 1231 1172 1269 mentis,
1190 1231 1296 1271 inepta
1310 1229 1419 1261 laetitia
1431 1254 1439 1268 ,
1453 1230 1623 1270 jactantia,
1646 1229 1822 1270 singulari-

1044 1286 1106 1323 tas,
1124 1283 1323 1324 arrogantia,
1346 1284 1557 1324 praesumptio
1568 1308 1577 1322 ‚
1594 1283 1734 1315 defensio
1748 1291 1822 1323 pec-

1045 1340 1210 1376 catorum,
1237 1336 1386 1368 simulata
1411 1337 1584 1374 consessio,
1609 1337 1758 1375 rebellio,
1782 1336 1821 1367 li-

1046 1394 1151 1425 bertas
1167 1392 1335 1433 peccandi,
1352 1392 1561 1424 consuetudo.
1579 1392 1636 1424 His
1651 1391 1741 1432 quasi
1757 1391 1823 1432 qui-

1047 1447 1184 1479 busdam
1212 1447 1379 1487 passibus,
1409 1447 1567 1487 superbus
1593 1447 1764 1486 diligenter
1784 1445 1824 1477 ad

1048 1503 1145 1533 finem
1161 1524 1170 1540 ,
1192 1509 1288 1542 quem
1308 1501 1460 1537 intendit,
1478 1501 1634 1541 pervenit.
1651 1499 1825 1531 Curiositas

1048 1557 1116 1594 est,
1146 1555 1274 1595 quando
1302 1555 1461 1595 superbus
1489 1554 1661 1594 diligenter
1689 1552 1824 1593 inquirit

1049 1617 1211 1647 rumores,
1227 1608 1344 1640 scilicet
1366 1607 1443 1649 quid
1466 1608 1504 1639 de
1529 1608 1598 1649 ipso
1622 1607 1757 1638 dicatur.
1771 1605 1826 1637 Le-

1049 1663 1131 1694 vitas
1146 1662 1263 1693 mentis
1278 1664 1341 1700 est,
1356 1661 1485 1702 quando
1498 1661 1611 1692 leviter
1623 1660 1740 1701 aliquis
1752 1668 1824 1692 mu-

1051 1720 1135 1748 tatur
1158 1717 1196 1748 dc
1218 1716 1423 1748 delectatione
1447 1725 1486 1747 ex
1509 1715 1617 1747 verbis
1640 1714 1743 1745 laudis
1758 1737 1767 1752 ,
1792 1713 1827 1744 in

1050 1772 1208 1802 tristitiam
1239 1773 1368 1811 propter
1396 1770 1495 1801 verba
1524 1768 1686 1809 vituperii.
1717 1768 1828 1808 Inepta

1050 1825 1159 1856 laetitia
1173 1827 1235 1863 cst,
1252 1824 1379 1864 quaudo
1394 1823 1521 1854 laetatur
1543 1832 1582 1854 ex
1607 1821 1781 1853 defectibus
1797 1822 1828 1852 et

1050 1879 1238 1910 criminibus
1257 1878 1405 1909 aliorum.
1429 1877 1587 1909 Jactautia
1606 1878 1653 1907 cst
1669 1900 1678 1915 ‚
1700 1874 1828 1916 quando

1052 1935 1161 1964 narrat
1176 1942 1213 1963 ea
1229 1941 1301 1972 quae
1316 1932 1427 1968 habet,
1445 1933 1481 1962 ut
1497 1930 1657 1961 laudetur.
1675 1927 1828 1968 Singula-

1052 1987 1129 2018 ritas
1159 1989 1206 2017 est
1226 2010 1234 2024 ,
1263 1985 1391 2026 quando
1422 1986 1538 2024 praeter
1565 1982 1831 2013 consuetudinem
1882 2015 1884 2017 ,

1053 2040 1161 2080 aliqua
1175 2038 1380 2078 singulariter
1398 2039 1569 2077 operatur,
1583 2038 1620 2067 ut
1636 2035 1723 2066 solus
1738 2043 1832 2076 appa-

1053 2095 1121 2124 reat
1145 2094 1175 2123 et
1198 2092 1356 2123 laudetur.
1384 2090 1579 2130 Arrogantia
1607 2091 1676 2127 est,
1702 2088 1831 2129 quando

1049 2149 1149 2187 Jactat
1179 2155 1211 2177 se
1240 2146 1379 2183 habere,
1407 2144 1492 2185 quod
1520 2153 1584 2175 non
1612 2143 1716 2174 habet.
1743 2141 1829 2173 Prae-

1054 2201 1193 2241 sumptio
1217 2202 1278 2238 est,
1301 2198 1431 2239 quando
1455 2198 1575 2237 ingerit
1599 2206 1633 2228 se
1653 2196 1692 2228 ad
1714 2196 1832 2227 sacien-

1054 2256 1150 2292 duui,
1168 2253 1253 2294 quod
1273 2253 1311 2283 ad
1335 2261 1410 2282 euni
1436 2260 1499 2282 non
1524 2250 1670 2291 pertinet.
1689 2249 1831 2281 Defensio

1055 2308 1171 2350 pcccati
1188 2310 1250 2341 est.
1267 2306 1396 2346 quando
1412 2307 1575 2344 peccatum
1593 2313 1688 2334 suum
1704 2305 1735 2333 et
1748 2311 1832 2333 erro-

1056 2372 1123 2393 rem
1139 2361 1295 2397 defendit,
1311 2363 1341 2390 et
1362 2361 1493 2390 excusat
1517 2359 1588 2399 quis
1613 2356 1779 2388 manifeste
1801 2357 1833 2386 et

1056 2419 1172 2456 aperte.
1214 2414 1369 2445 Simulata
1408 2413 1561 2444 confessio
1594 2413 1640 2441 est
1657 2435 1665 2448 ,
1703 2409 1832 2450 quando

1056 2472 1219 2511 peecatum
1244 2478 1339 2499 suum
1365 2462 1496 2498 excusat
1519 2465 1650 2497 occulte.
1676 2463 1830 2501 Rebellio,

1057 2524 1184 2564 quando
1199 2521 1343 2559 dissidet,
1362 2520 1475 2551 scilieet
1492 2518 1731 2559 superioribus,
1743 2517 1833 2557 pari-

1057 2576 1119 2606 bus
1148 2577 1178 2605 ct.
1206 2573 1428 2610 inferioribus;
1454 2570 1675 2610 superioribus
1703 2568 1831 2606 obviat,

1058 2652 1087 2657 —
1104 2638 1113 2654 ⁸
1127 2637 1248 2669 Aug..c1'e
1263 2636 1322 2660 Gen.
1338 2634 1372 2658 ad
1385 2634 1448 2664 litt„
1463 2634 1505 2657 lib.
1521 2634 1562 2664 xl,
1576 2638 1704 2657 c.x1v.—
1717 2632 1727 2648 ⁸
1739 2632 1787 2662 ld.,
1804 2631 1834 2655 de

1059 2674 1134 2697 Cri-ie.
1160 2674 1222 2701 Dei,
1247 2672 1290 2696 lib.
1315 2671 1382 2701 xw,
1405 2677 1427 2694 c.
1453 2675 1511 2694 xur.
1535 2683 1561 2687 -
1586 2670 1596 2686 ὓ
1620 2669 1707 2699 Greg.,
1732 2666 1833 2697 Moml„

1057 2710 1100 2734 lib.
1118 2709 1207 2738 xxtll,
1223 2715 1246 2731 c.
1262 2713 1295 2731 ιν.
1312 2720 1343 2726 -
1357 2707 1366 2721 ⁵
1379 2706 1502 2736 Anselm„
1514 2705 1544 2730 de
1560 2704 1679 2733 Similia,
1693 2711 1715 2728 c.
1732 2709 1787 2727 xxx.
1802 2715 1833 2721 —

1060 2747 1065 2752 “
1083 2745 1169 2774 Rern„
1185 2746 1255 2768 tract.
1272 2742 1301 2766 (le
1315 2742 1386 2773 qnid.
1404 2741 1511 2772 Hamil„
1527 2741 1541 2773 ξ
1557 2741 1654 2764 primm
1670 2741 1766 2771 itaque,
1783 2740 1830 2763 etc.
