2003 3037
95 840 163 868 Culpa

82 873 173 900 origina-

77 904 103 925 lis
113 904 181 924 inficit

91 941 164 962 perso-

88 972 136 987 nam
144 968 165 986 et

76 1000 180 1019 naturam.

86 1325 182 1352 Baptiza-

83 1359 115 1377 (υς
134 1363 172 1377 cur

94 1394 169 1414 peccu-

73 1421 117 1439 tum
140 1419 182 1440 ori-

88 1450 162 1477 ginale

73 1482 182 1502 transmit-

86 2286 158 2309 Gratia

75 2319 167 2346 singula-

90 2351 118 2371 ris
130 2351 155 2372 Β.

69 2381 175 2407 Virginis.

738 168 787 201 DE
808 167 1071 202 CORRUPTELA
1093 169 1267 202 PECCATl.

199 237 273 270 licet
282 238 399 277 carnis;
416 239 461 270 sic
472 238 592 270 curatio
603 236 673 269 fieri
683 236 808 268 habeta
822 236 977 278 principio

202 292 354 332 increato,
366 302 386 324 a
399 302 464 334 quo
479 293 514 324 fit
529 291 646 323 infusio
657 291 852 329 animarum,
870 292 902 322 et
915 291 977 322 hoc

199 355 218 377 a
231 349 320 387 parte
339 346 510 388 superiori,
532 345 650 377 scilicet
669 345 795 377 mentis.
819 345 976 383 Quoniam

200 400 301 441 igitur
314 409 354 432 ex
377 402 465 441 parte
484 399 600 431 mentis
618 399 778 431 distinctio
800 401 847 430 est
868 399 902 429 in
916 399 974 430 ho-

200 454 354 494 minibus,
370 455 413 485 ita
423 453 508 494 quod
521 453 697 484 secundum
708 452 795 483 illam
810 461 895 483 unus
910 462 976 484 non

199 510 398 548 propagatur
410 507 450 538 ab
465 506 579 545 altero,
595 507 649 538 sed
671 506 853 538 immediate
875 506 941 537 exit
956 516 976 537 a

199 560 273 598 Deo,
290 561 394 601 gratia
406 561 550 592 curativa
565 560 663 591 menti
677 561 795 592 nostrae
811 569 830 591 a
846 560 908 591 Deo
922 559 972 591 in-

198 614 267 646 fusa
280 614 408 656 respicit
421 623 687 655 unumquemque
708 615 740 645 in
755 616 912 655 quantum
927 616 974 645 tc-

197 669 250 699 net
268 667 424 700 rationem
446 677 590 709 personae
611 668 786 708 singularis
805 670 836 699 et
856 668 975 700 indivi-

196 721 284 761 duae,
301 731 365 753 non
382 723 416 753 in
437 724 595 763 quantum
609 724 695 754 tenet
718 723 875 754 rationem
899 732 973 763 pro-

196 774 315 807 ductivi
324 777 501 808 secundum
508 777 661 808 virtutem
672 778 807 808 naturae.
817 776 975 814 Quoniam

196 828 297 868 igitur
319 830 476 870 originale
499 833 662 871 peccatum
687 832 734 862 est
753 832 885 862 morbus
900 831 972 861 infi—

196 882 281 914 ciens
291 893 459 923 personam
470 885 586 925 pariter
594 887 624 916 et
635 886 794 924 naturam,
805 894 974 926 personam

197 937 230 968 in
245 937 419 977 voluntate,
438 942 588 970 naturam
603 939 637 970 in
652 948 761 978 carne3
779 939 849 970 ideo
864 939 909 969 sic
922 948 974 970 cu-

197 992 286 1022 ratur
310 993 434 1023 macula
455 993 623 1032 originalis
638 993 668 1023 in
685 995 806 1030 mente,
823 993 909 1033 quod
923 1002 975 1024 re-

196 1047 304 1076 manet
320 1046 458 1084 insectio,
477 1051 507 1078 et
522 1047 651 1087 sequela
664 1047 697 1078 in
712 1056 817 1078 carne.

235 1099 274 1131 Et
282 1100 356 1140 quia
367 1101 464 1132 homo
476 1103 609 1141 generat
620 1111 685 1133 non
701 1102 877 1133 secundum
888 1102 974 1142 quod

195 1155 325 1184 curatus
351 1156 398 1185 est
417 1155 451 1185 in
472 1157 589 1194 mente,
614 1155 667 1186 sed
687 1155 862 1186 secundum
890 1155 973 1195 quod

196 1209 365 1248 corruptus
380 1208 413 1239 in
424 1218 518 1239 carne
528 1220 535 1247 ;
547 1218 612 1240 non
627 1209 804 1240 secundum
815 1209 898 1249 quod
911 1209 972 1249 spi-

195 1260 335 1300 ritualiS,
360 1262 414 1293 sed
429 1263 604 1294 secundum
624 1263 709 1303 quod
724 1262 876 1301 carnalis3
898 1262 974 1293 hine

196 1317 258 1353 est,
275 1316 360 1356 quod
378 1317 526 1357 quamvis
541 1317 585 1348 sic
599 1317 777 1357 baptizatus
792 1317 833 1347 sit
850 1317 891 1348 ab
908 1317 973 1348 ori-

198 1369 298 1408 ginali
315 1370 487 1401 mundatus
502 1371 534 1401 in
550 1380 597 1409 se,
614 1371 802 1402 transmittit
816 1372 924 1402 tamen
939 1371 973 1402 in

195 1423 317 1462 prolem
328 1423 497 1463 originale.
514 1424 646 1462 Rursus,
657 1424 733 1465 quia
747 1425 855 1455 reatus
870 1434 972 1465 poenae

195 1477 325 1507 aeternae
340 1477 468 1517 respicit
482 1478 714 1509 deformitatem
729 1478 845 1509 mentis
861 1479 891 1508 et
904 1487 974 1518 per-

194 1540 292 1569 sonae,
310 1533 397 1562 actus
412 1534 519 1563 autem
537 1533 603 1563 sive
618 1534 724 1564 motus
738 1533 867 1573 respicit
881 1533 970 1563 incli-

193 1585 356 1616 nationem
372 1586 475 1616 carnis
489 1587 520 1616 et
535 1588 659 1617 naturae
677 1596 684 1617 :
700 1587 771 1617 ideo
784 1587 897 1616 transit
912 1587 973 1617 ori-

195 1638 302 1678 ginale
319 1648 375 1678 per
385 1639 590 1679 baptismum,
608 1641 764 1679 quantum
782 1639 820 1670 ad
833 1641 969 1678 reatum,

194 1693 225 1722 et
246 1694 391 1723 remanet
419 1695 575 1732 quantum
595 1693 635 1723 ad
660 1695 778 1723 actum.
807 1693 971 1725 Postremo

193 1745 270 1785 quia
281 1746 409 1777 afflictio
422 1746 605 1787 temporalis
616 1746 831 1778 conditionem
843 1748 972 1787 respicit

193 1808 232 1830 ex
248 1801 338 1839 parte
359 1800 472 1839 carnis,
490 1810 563 1831 cum
580 1809 652 1831 caro
667 1803 831 1831 remaneat
845 1810 972 1841 semper

193 1853 335 1893 subjecta
349 1853 476 1884 cuidam
501 1853 678 1892 infectioni,
697 1863 864 1886 remanere
877 1855 971 1886 debet

192 1916 317 1947 semper
339 1908 479 1948 subJecta
503 1908 680 1948 poenalitati
707 1917 714 1939 :
740 1910 770 1939 et
794 1909 864 1939 ideo
890 1909 970 1940 sicut

191 1961 368 2001 poenalitas,
385 1963 415 1992 et
431 1962 590 2001 corruptio
606 1971 663 2002 per
680 1963 818 2002 gratiam
832 1972 896 1993 non
909 1973 967 1994 au—

190 2015 292 2045 fertur
309 2024 327 2045 a
343 2024 457 2053 carne3
475 2015 519 2046 sic
533 2016 660 2056 sequela
680 2016 749 2055 illa,
767 2017 834 2048 sive
856 2027 969 2049 concu-

191 2067 360 2107 piscentia,
389 2071 420 2099 et
443 2069 583 2108 languor
607 2071 827 2101 membrorum
838 2095 847 2109 ,
872 2071 968 2102 simul

191 2122 273 2151 stare
298 2123 399 2161 potest
426 2131 500 2152 cum
525 2124 630 2162 gratia
654 2124 808 2155 curative.
835 2124 873 2155 Et
897 2125 967 2155 ideo

192 2174 339 2212 quamvis
349 2174 503 2214 paulatim
514 2176 690 2215 minuatur,
707 2177 782 2216 quia
794 2179 902 2208 tamen
917 2188 968 2209 ra-

191 2226 246 2257 dix
261 2235 325 2258 non
339 2227 471 2266 tollitur,
489 2237 655 2268 nunquam
672 2231 802 2261 omnino
824 2231 967 2262 aufertur

191 2280 225 2311 in
243 2281 371 2320 viatore,
388 2282 449 2312 nisi
460 2282 494 2313 in
507 2283 598 2314 beata
608 2283 741 2323 Virgine
755 2294 811 2324 per
826 2286 965 2324 gratiam

191 2334 401 2374 singularem.
418 2335 497 2373 Quia
506 2337 591 2367 enim
606 2337 705 2377 Virgo
720 2340 862 2379 concepit
877 2349 963 2379 eum,

190 2388 246 2429 qui
261 2392 327 2420 erat
342 2390 480 2430 expiatio
491 2390 595 2421 omnis
606 2391 717 2431 culpae,
736 2392 805 2423 ideo
820 2392 892 2424 data
905 2394 965 2424 fuit

188 2442 248 2473 sibi
265 2443 369 2483 gratia
393 2444 583 2483 singularis,
605 2454 669 2485 qua
690 2445 828 2477 extincta
849 2447 910 2477 fuit
931 2448 963 2478 in

188 2505 225 2527 ea
239 2497 389 2528 radicitus
404 2498 508 2529 omnis
524 2500 787 2539 concupiscentia,
805 2501 844 2532 ad
858 2502 961 2532 conci-

188 2549 339 2589 piendum
363 2551 415 2582 Dei
432 2551 548 2582 Filium
570 2553 689 2593 absque
718 2555 823 2585 omnis
844 2556 962 2595 peccati

188 2603 258 2633 labe
279 2606 309 2634 et
332 2606 521 2645 corruptela.
540 2606 660 2647 Nempe
677 2608 790 2639 decens
805 2611 872 2640 erat
887 2611 907 2648 ¹,
925 2611 961 2640 ut.

188 2665 225 2687 ea
240 2657 386 2696 puritate,
403 2668 467 2699 qua
483 2661 586 2699 maj0r
598 2661 656 2692 suh
672 2661 733 2693 Deo
748 2663 858 2703 nequit
872 2663 961 2695 intel-

1753 180 1810 208 27¹1

1033 237 1104 277 ligi,
1121 236 1220 278 Virgo
1244 238 1297 270 illa
1311 239 1444 278 niteret,
1462 239 1512 270 cui
1530 239 1612 271 Deus
1629 240 1722 273 Pater
1737 243 1810 274 uni-

1033 300 1107 322 cum
1128 291 1259 332 Filium,
1284 302 1382 334 quem
1401 294 1439 325 de
1462 294 1556 326 corde
1578 304 1638 327 suo
1661 297 1811 336 genitum

1033 346 1093 377 sibi
1112 347 1267 387 aequalem
1279 372 1286 385 ‚
1306 350 1461 389 tanquam
1477 350 1618 390 seipsum
1641 351 1809 393 diligebat,

1032 400 1077 431 ita
1087 400 1162 431 dare
1172 400 1368 441 disponebat,
1385 405 1421 433 ut
1436 403 1623 435 naturaliter
1633 408 1715 437 esset
1726 416 1812 439 unus

1032 455 1181 495 idemque
1203 457 1383 487 communis
1404 457 1457 488 Dei
1478 458 1595 498 Patris,
1617 462 1649 491 et
1670 460 1812 500 Virginis

1031 505 1116 537 filius
1130 518 1136 544 ;
1160 508 1191 538 et
1210 516 1308 547 quam
1323 508 1390 548 ipse
1406 508 1504 540 Filius
1518 510 1696 550 specialiter
1710 512 1812 544 facere

1032 560 1092 591 sibi
1105 562 1239 592 matrem
1249 561 1403 602 eligebat;
1416 563 1494 594 etde
1507 572 1571 604 qua
1586 564 1722 605 Spiritus
1738 575 1812 597 san-

1031 615 1100 644 ctus
1116 614 1253 654 volebat,
1270 617 1301 646 et
1314 618 1504 656 operaturus
1516 619 1601 656 erat,
1618 619 1655 649 ut
1667 619 1812 660 concipe-

1030 670 1120 699 retur
1135 670 1166 700 et
1180 671 1364 701 nasceretur
1387 670 1457 709 ille,
1482 671 1521 701 de
1536 681 1601 712 quo
1621 672 1689 712 ipse
1702 681 1812 713 proce-

1031 721 1134 754 debat.

1272 779 1435 812 CAPUT
1463 779 1566 813 VIII.

1158 860 1194 887 De
1212 861 1315 896 origine
1334 861 1502 896 peccatoram
1522 861 1678 889 actualium.

1072 936 1246 978 Postquam
1256 939 1363 968 autem
1374 937 1496 968 dictum
1507 940 1554 969 est
1564 938 1602 969 de
1612 939 1811 971 traductione

1030 990 1151 1030 peccati
1177 991 1362 1030 originalis,
1387 991 1518 1022 dicenda
1543 994 1619 1023 sunt
1641 993 1748 1033 aliqua
1773 993 1811 1024 de

1030 1045 1158 1084 origine
1173 1046 1292 1085 peccati
1307 1046 1452 1077 actualis.
1470 1046 1513 1077 De
1534 1049 1607 1078 ortu
1621 1047 1722 1087 igitur
1738 1057 1809 1088 pec-

1031 1099 1091 1130 cati
1107 1100 1255 1139 actualis,
1273 1100 1343 1131 haec
1362 1100 1500 1131 tenenda
1514 1103 1589 1132 sunt
1614 1101 1648 1132 in
1663 1111 1809 1141 summa,

1029 1152 1192 1190 videlicet,
1209 1154 1294 1193 quod
1316 1156 1482 1194 peccatum
1501 1155 1624 1186 actuale
1645 1156 1808 1196 originem

1029 1206 1126 1237 trahit
1141 1217 1160 1237 a
1179 1207 1280 1239 libera
1299 1208 1464 1239 voluntate
1480 1209 1737 1250 uuiuscujusque
1754 1220 1811 1251 per

1029 1261 1291 1301 suggestionem,
1318 1262 1558 1294 delectationem
1569 1288 1576 1301 ,
1602 1272 1792 1296 consensum
1801 1289 1808 1303 ‚

1029 1317 1060 1346 et
1075 1316 1305 1355 operationem,
1312 1317 1408 1356 juxta
1420 1317 1505 1357 quod
1516 1317 1589 1348 dicit
1600 1316 1784 1358 Scriptura²
1801 1331 1807 1351 :

1035 1369 1257 1410 Unusquisque
1278 1373 1421 1404 tentatur
1438 1380 1458 1403 α
1473 1372 1735 1412 concupiscentia
1750 1382 1810 1406 sua

1029 1424 1209 1456 abstractus
1224 1426 1251 1456 et
1266 1425 1391 1457 illectus
1407 1435 1417 1455 .·
1439 1426 1558 1458 dcz'mle
1586 1428 1810 1467 concupiscen-

1029 1478 1088 1515 tia,
1105 1486 1176 1509 cum
1190 1480 1380 1518 conceperit,
1396 1482 1561 1519 peccatum
1570 1481 1682 1520 parim
1698 1490 1810 1520 pecca-

1029 1534 1098 1563 tum
1110 1540 1195 1570 vero,
1209 1541 1281 1564 cum
1291 1536 1546 1565 consummatum
1561 1535 1667 1573 fuerit,
1681 1539 1810 1575 perierat

1029 1588 1168 1617 mortem.
1201 1586 1233 1616 Si
1258 1588 1364 1617 autem
1394 1588 1564 1626 suggestio
1588 1590 1618 1618 et
1645 1588 1809 1621 delectatio

1028 1639 1118 1670 sistat
1129 1639 1207 1670 citra
1216 1649 1419 1679 consensum,
1433 1643 1480 1672 est
1490 1642 1615 1673 veniale
1630 1645 1807 1683 peccatum.

1028 1692 1060 1724 Si
1081 1702 1158 1725 vero
1181 1696 1398 1734 consequatur
1424 1703 1597 1726 consensus
1620 1698 1651 1727 et
1671 1706 1751 1737 opus
1773 1697 1808 1729 iu

1027 1747 1087 1785 his,
1105 1757 1179 1787 quae
1203 1747 1313 1779 divina
1327 1748 1398 1787 lege
1417 1747 1578 1788 prohibita
1593 1751 1679 1788 sunt,
1695 1760 1804 1790 pecca-

1027 1803 1097 1831 tum
1126 1802 1173 1831 est
1204 1801 1338 1832 mortale
1371 1804 1641 1833 consummatum.
1665 1803 1755 1841 Quod
1781 1806 1807 1837 si

1026 1855 1132 1886 medio
1148 1856 1241 1886 modo
1254 1855 1304 1894 fit,
1316 1857 1352 1886 ut
1362 1864 1537 1887 consensus
1551 1856 1618 1887 sine
1633 1866 1728 1897 opere
1743 1859 1782 1889 sit
1797 1867 1804 1890 :

1026 1911 1083 1940 aut
1097 1910 1173 1950 quia
1187 1910 1257 1941 vult
1266 1910 1300 1940 in
1314 1919 1394 1950 opus
1408 1911 1589 1950 procedere,
1604 1912 1658 1942 sed
1671 1921 1737 1943 non
1753 1922 1806 1953 po-

1025 1966 1095 2003 test,
1114 1966 1190 1995 tunc
1215 1964 1360 1995 voluntas
1375 1965 1528 2004 profacto
1553 1968 1729 2006 reputatur,
1747 1976 1805 1998 nec

1025 2018 1132 2048 minus
1153 2018 1319 2058 culpabilis
1342 2020 1404 2057 est,
1425 2028 1522 2058 quam
1538 2019 1564 2049 si
1588 2019 1622 2050 in
1640 2020 1709 2060 ipso
1725 2021 1806 2053 facto

1024 2071 1330 2111 deprehenderetur3
1347 2073 1403 2102 aut
1417 2072 1492 2112 quia
1512 2081 1577 2103 non
1593 2073 1663 2104 vult
1677 2073 1710 2103 in
1723 2083 1804 2114 opus

1023 2125 1205 2164 procedere,
1220 2125 1275 2156 sed
1288 2125 1356 2157 vult
1372 2126 1508 2157 interius
1523 2126 1684 2167 voluptari
1699 2127 1734 2158 iu
1748 2128 1802 2159 de-

1023 2178 1199 2217 lectatione,
1210 2181 1240 2210 et
1252 2181 1327 2210 tunc
1338 2179 1510 2210 manducat
1525 2180 1651 2218 mulier,
1668 2180 1722 2211 sed
1736 2190 1801 2212 non

1022 2231 1083 2262 vir.
1096 2231 1134 2262 Et
1149 2231 1220 2262 licet
1234 2241 1298 2263 non
1314 2232 1354 2262 sit
1369 2235 1532 2272 peccatum
1547 2233 1638 2273 plene
1654 2242 1800 2265 consum-

1022 2286 1157 2323 matum,
1178 2287 1223 2316 est
1238 2287 1344 2316 tamen
1360 2285 1442 2316 inter
1456 2286 1601 2317 mortalia
1616 2291 1800 2327 computan-

1021 2338 1114 2376 dum;
1128 2339 1203 2379 quia
1217 2339 1349 2370 muliere
1365 2339 1587 2378 manducante,
1601 2342 1685 2371 totus
1699 2341 1796 2372 homo

1020 2392 1166 2423 damnari
1197 2395 1356 2431 merctur,
1383 2393 1468 2433 quod
1492 2394 1632 2424 maxime
1660 2394 1796 2434 intelligi

1018 2447 1114 2478 habet
1128 2448 1161 2478 in
1174 2448 1309 2488 peccatis
1322 2447 1511 2479 carnalibus.
1760 2448 1763 2450 ’

1059 2501 1149 2532 Ratio
1169 2503 1277 2532 autem
1298 2501 1337 2532 ad
1359 2501 1604 2540 intelligentiam
1625 2502 1795 2542 praedicto-

1019 2564 1103 2593 rum,
1120 2555 1190 2586 haec
1207 2557 1252 2585 est
1269 2566 1275 2585 ε
1293 2555 1368 2594 quia
1385 2564 1458 2585 cum
1473 2558 1637 2595 peccatum
1653 2557 1735 2587 dicat
1750 2566 1795 2587 re-

1050 2637 1056 2652 ¹
1083 2637 1177 2666 Ansel.,
1207 2636 1236 2660 [Ie
1260 2636 1363 2667 Concep.
1397 2636 1475 2667 Γϊνφ,
1503 2638 1525 2661 et
1553 2644 1616 2668 pecc.
1648 2638 1790 2667 oriqiaalz's.

1019 2680 1039 2697 c.
1056 2678 1171 2697 xvi11.—
1188 2673 1194 2685 ·'
1209 2672 1359 2703 Jac.,1,14.
