2003 3037
742 161 858 194 PART.
882 160 921 194 111

146 231 268 263 ratione
282 231 406 263 fructus
419 230 608 263 conferentis
620 254 628 268 ‚
647 232 694 262 est
708 229 829 262 bonum
845 239 919 270 pro-

145 284 196 316 lis.

410 342 560 378 SECTIO
583 343 653 378 LV.

214 424 250 450 De
268 423 467 458 impedimentis
485 423 656 450 matrimonii
674 423 705 449 in
721 423 850 456 generali.

185 498 274 530 Circa
287 498 516 539 impedimenta
533 498 727 530 matrimonii
740 521 748 536 ,
765 498 842 538 quia
855 497 921 528 fre-

146 554 279 591 quenter
293 554 484 590 occurrunt,
512 554 558 583 est
573 552 749 593 specialiter
769 552 920 582 insisten-

145 605 234 636 dum.
252 605 294 636 De
310 605 427 646 quibus
444 609 491 637 est
507 606 680 637 tenendum
691 630 698 644 ‚
721 606 806 646 quod
830 614 918 645 quae-

145 659 218 690 dam
242 661 316 689 sunt
337 667 409 698 quae
430 658 610 699 impediunt
631 668 672 690 ex
694 659 914 698 congruitate,

143 712 225 743 sicut
251 711 398 743 Ecclesiae
433 712 638 744 interdictum
659 737 666 752 ,
698 716 729 744 et
766 712 918 743 feriarum

144 767 270 806 tempus
288 776 294 797 :
312 768 343 796 et
365 766 425 797 ista
448 766 597 797 dicuntur
615 766 769 806 impedire
792 768 919 797 contra-

143 819 298 857 hendum,
314 819 368 850 sed
385 828 449 850 non
463 819 612 850 dirimere
623 821 692 859 J'am
708 822 916 850 contractum.

143 871 296 910 Quaedam
311 873 490 913 impediunt
504 873 542 904 de
553 873 747 911 necessitate,
761 873 839 913 quia
853 882 918 904 non

142 927 203 956 stat
218 935 292 956 cum
307 926 354 957 eis
369 926 566 957 matrimonii
581 929 816 957 sacramentum
833 937 840 958 :
861 936 918 957 un-

142 979 181 1010 de
199 979 243 1010 sic
257 979 435 1019 impediunt
457 979 698 1010 matrimonium
723 980 916 1011 contrahen-

142 1033 230 1070 dum,
247 1033 331 1072 quod
347 1033 441 1063 etiam
456 1033 613 1063 dirimunt
621 1034 691 1073 jam
701 1035 915 1065 contractum.

141 1085 216 1117 Haec
241 1088 349 1117 autem
373 1088 449 1117 sunt
473 1095 607 1117 numero
629 1087 817 1126 duodecim,
843 1097 917 1128 quae

140 1140 285 1171 versibus
301 1140 370 1170 istis
385 1140 587 1171 continentur
605 1150 612 1171 :

156 1223 242 1253 Error,
256 1222 377 1251 conditio,
393 1224 493 1254 votum,
509 1222 639 1254 cognatio,
654 1222 764 1252 crimen3

156 1258 244 1282 Cultus
258 1258 401 1289 disparitas,
413 1258 461 1289 vis,
478 1258 552 1289 ordo,
568 1258 690 1289 ligamen,
702 1258 836 1289 honestas,

155 1294 180 1318 Si
195 1293 229 1317 sis
243 1293 334 1323 affinis,
350 1294 371 1317 si
385 1293 450 1318 forte
465 1294 534 1318 coire
549 1294 683 1325 nequibis;

155 1330 217 1354 Haec
236 1329 356 1354 socianda
375 1331 463 1354 vetant
481 1330 621 1361 connubia,
635 1330 724 1361 juncta
737 1331 885 1354 retractant.

546 1365 550 1374 .

180 1409 254 1440 Tria
269 1411 342 1440 sunt
357 1419 397 1440 ex
412 1411 502 1450 parte
516 1418 620 1441 causae
634 1410 800 1441 efficientis
815 1434 822 1448 ,
840 1419 914 1450 quae

139 1464 184 1493 est
200 1471 371 1494 consensus
385 1487 393 1501 ,
418 1463 456 1494 ad
481 1473 577 1503 quem
602 1463 763 1494 concurrit
783 1464 864 1494 ratio
886 1466 918 1495 et

139 1515 298 1547 voluntas.
325 1515 439 1546 Contra
464 1519 569 1547 actum
592 1517 724 1548 rationis
744 1520 791 1547 est
805 1526 914 1556 error3

139 1571 249 1600 contra
264 1571 370 1600 actum
388 1569 559 1600 voluntatis
573 1572 620 1599 est
634 1570 699 1607 vis,
717 1570 784 1600 sive
800 1571 919 1601 violen-

139 1622 202 1660 tia3
219 1625 330 1653 contra
340 1625 446 1653 actum
459 1622 628 1662 utriusque
643 1625 689 1653 est
701 1623 840 1655 conditio
855 1633 918 1654 ser-

142 1675 265 1714 vitutis,
284 1685 357 1715 quae
378 1675 511 1715 impedit
535 1676 651 1715 partim
667 1679 796 1716 propter
811 1677 915 1709 defec-

140 1731 210 1759 tum
224 1728 386 1766 libertatiS,
401 1729 518 1768 partim
531 1731 660 1769 propter
671 1739 825 1761 errorem.
842 1730 915 1761 Tria

140 1791 181 1812 ex
200 1783 288 1821 parte
309 1791 412 1812 causae
438 1782 620 1812 materialis.
649 1782 729 1813 Nam
748 1784 915 1815 matrimo-

140 1835 232 1865 nium
258 1837 304 1865 est
326 1835 509 1874 conjunctio
535 1835 713 1867 voluntarie
737 1837 918 1868 introducta

141 1888 224 1918 inter
239 1897 389 1927 personas
408 1891 502 1919 antea
516 1898 579 1918 non
601 1890 789 1928 conjunctas
807 1901 812 1920 z
832 1891 917 1921 unde

141 1941 301 1981 conjuncti
327 1942 360 1972 in
382 1941 586 1981 proximitate
612 1942 650 1972 ad
675 1943 917 1974 matrimonium

140 1996 215 2024 sunt
239 1994 349 2034 inepti.
377 1994 628 2034 Coniunguntur
653 1998 761 2027 autem
785 1997 917 2036 quidam

140 2047 432 2086 consanguinitate,
450 2049 581 2088 quidam
596 2049 750 2080 affinitate
761 2073 770 2088 ,
787 2050 917 2090 quidam

140 2099 275 2138 publicae
288 2101 423 2139 justitiae
443 2101 610 2132 honestate
630 2112 704 2142 quae
719 2103 918 2134 contrahitur

141 2161 178 2182 ex
195 2153 396 2192 sponsalibus
406 2163 462 2193 per
477 2155 575 2185 verba
591 2155 628 2185 de
644 2156 804 2194 praesenti.
822 2156 860 2186 Et
874 2157 918 2187 sic

142 2207 216 2235 sunt
238 2206 298 2236 tria
320 2206 550 2246 impedimenta
574 2232 581 2245 ‚
609 2209 725 2239 scilicet
748 2211 915 2248 cognatio,

141 2258 294 2296 affinitas,
324 2262 354 2289 et
380 2259 539 2291 honestas.
568 2261 640 2291 Tria
668 2265 744 2292 sunt
770 2272 809 2293 ex
829 2266 918 2303 parte

141 2320 246 2342 causae
264 2312 421 2350 formalis,
441 2314 516 2353 quia
532 2315 769 2346 matrimonium
787 2319 834 2347 est
850 2317 918 2347 vin—

142 2365 252 2395 culum
264 2366 296 2395 in
310 2376 375 2406 quo
387 2369 434 2396 est
446 2370 558 2397 mutua
574 2371 709 2407 poteslas
722 2370 781 2399 viri
797 2372 827 2399 et
840 2379 918 2400 uxo-

142 2419 195 2449 ris.
219 2419 294 2450 Haec
308 2423 415 2451 autem
432 2424 570 2461 potestas
587 2423 773 2462 impeditur,
790 2424 917 2463 quando

142 2473 219 2504 alter
235 2475 329 2505 tradit
346 2478 532 2515 potestatem
548 2477 689 2516 corporis
703 2478 753 2507 sui
767 2477 819 2507 alii
829 2501 838 2514 ,
863 2477 918 2507 ad-

142 2526 206 2557 huc
222 2528 348 2559 vivente
364 2531 506 2570 proprio,
523 2533 554 2561 et
568 2531 612 2561 sic
627 2533 674 2561 est
687 2531 846 2570 ligamen3
862 2534 918 2562 aut

143 2580 219 2618 quia
238 2581 394 2614 dedicavit
413 2593 445 2614 se
468 2583 546 2622 Deo,
570 2586 601 2615 et
625 2584 670 2615 sic
688 2588 734 2615 est
750 2585 843 2622 ord03
861 2587 917 2615 aut

177 2644 181 2656 ¹
200 2643 317 2674 Hug.,de
331 2645 453 2676 Sacram„
467 2646 511 2671 lib.
529 2647 561 2677 ll,
576 2654 601 2678 p.
617 2648 670 2678 ΧΗ,
685 2655 706 2671 c.
720 2653 758 2672 ιιι.

927 185 934 193 .
958 161 1066 194 SECT.
1091 161 1152 194 LV.

1696 165 1754 194 429

978 229 1054 270 quia
1069 229 1263 269 mancipavit
1277 238 1310 260 se
1324 229 1386 260 Deo
1398 233 1429 260 et
1443 229 1575 270 praelato
1585 254 1592 268 ,
1608 231 1639 261 et
1651 230 1695 260 sic
1708 233 1755 260 cst

978 284 1102 314 votum.
1129 281 1204 313 Tria
1227 284 1336 314 autem
1361 283 1474 314 ultima
1499 286 1576 315 sunt
1600 292 1641 315 ex
1667 285 1754 323 parte

978 344 1081 367 causae
1097 335 1211 366 finalis.
1228 335 1308 366 Nam
1320 337 1563 368 matrimonium
1574 336 1670 368 estad
1685 345 1753 376 pro-

977 390 1148 421 creandam
1164 390 1286 430 prolem
1302 389 1341 421 ad
1355 389 1476 420 cultum
1493 390 1544 421 Dei
1558 414 1566 428 ,
1581 390 1632 421 vel
1642 390 1754 421 saltem

978 443 1012 474 in
1029 444 1208 475 remedium
1231 444 1439 483 tempestatis.
1462 444 1576 475 Contra
1597 444 1753 481 rationem

978 498 1171 536 generandi,
1189 497 1240 528 vel
1260 497 1410 536 remedii,
1434 500 1478 528 est
1494 497 1680 537 impotentia
1700 507 1771 529 co-.

976 551 1091 589 eundi;
1114 553 1224 582 contra
1239 551 1362 582 cultum
1378 551 1430 582 Dei
1443 575 1452 590 ,
1477 551 1532 591 qui
1555 553 1603 581 est
1626 551 1657 581 in
1673 550 1750 588 fide,

975 609 1023 634 est
1036 604 1141 635 cultus
1157 605 1339 645 disparitas;
1354 607 1464 636 contra
1475 605 1596 635 cultum
1615 604 1678 642 Dei,
1695 605 1753 644 qui

975 659 1022 688 est
1036 658 1069 688 in
1083 658 1242 697 moribus,
1260 660 1308 689 est
1321 658 1464 689 criminis
1479 658 1663 689 enormitas.

1016 711 1103 742 Circa
1128 711 1396 752 impedimentum
1427 712 1512 752 quod
1537 712 1683 751 provenit
1711 721 1753 742 ex

974 773 1096 803 errore,
1113 765 1341 796 attendendum
1358 767 1423 804 est,
1444 765 1527 805 quod
1544 773 1634 796 error
1651 767 1753 805 potest

974 827 1042 849 esse
1065 818 1148 849 circa
1169 828 1357 859 personam,
1383 821 1413 849 et
1438 819 1521 849 circa
1544 819 1750 858 proproetatcs

975 881 1129 912 personae.
1153 872 1250 903 Error
1264 872 1347 903 circa
1368 881 1538 912 personam
1559 881 1750 903 consensum

973 926 1071 963 tollit,
1089 929 1118 957 et
1129 926 1370 957 matrimonium
1384 925 1533 965 impedit:
1555 928 1589 956 ut
1598 926 1623 956 si
1639 927 1693 966 qui
1708 927 1746 966 (a)

974 979 1072 1010 credit
1087 980 1268 1010 consentire
1283 980 1317 1009 in
1334 979 1480 1017 Mariam,
1499 979 1536 1009 de
1552 989 1616 1019 qua
1632 980 1751 1019 cogitat

974 1042 1071 1063 sensu
1090 1033 1256 1071 interiori,
1283 1033 1440 1063 consentit
1461 1033 1493 1063 in
1514 1032 1726 1071 Margaretam
1741 1056 1749 1071 ,

973 1095 1046 1126 quae
1062 1086 1196 1117 offertur
1215 1087 1322 1117 sensui
1345 1086 1506 1117 exteriori.
1526 1086 1558 1117 Si
1580 1091 1687 1117 antem
1710 1088 1751 1118 sit

973 1148 1062 1170 error
1076 1140 1160 1170 circa
1176 1140 1384 1180 proprietates
1399 1149 1543 1180 personae
1553 1165 1560 1178 ,
1579 1150 1643 1171 non
1660 1151 1750 1181 prop-

973 1194 1020 1223 ter
1036 1192 1094 1223 hoc
1110 1185 1353 1224 matrimonium
1369 1193 1542 1233 impeditur
1560 1205 1566 1224 :
1584 1196 1620 1224 ut
1636 1195 1659 1224 si
1677 1195 1748 1234 quis

975 1245 1011 1285 (b)
1022 1246 1128 1277 credat
1141 1247 1282 1287 accipere
1297 1247 1429 1277 divitem
1439 1249 1470 1277 et
1484 1248 1632 1286 nobilem,
1647 1258 1745 1288 quam

972 1302 1081 1339 postea
1095 1301 1303 1341 deprehendit
1317 1301 1496 1340 ignobilem
1511 1305 1540 1332 et
1557 1311 1742 1342 pauperem.

1800 725 1865 745 Error

1012 1353 1055 1385 De
1071 1355 1318 1394 proprietatibus
1337 1357 1444 1385 autem
1466 1364 1611 1394 personae
1632 1357 1748 1396 accipi-
1761 1366 1874 1392 Condltio.

972 1408 1025 1436 tur
1039 1407 1177 1438 conditio
1192 1408 1355 1438 servitutis
1366 1431 1375 1445 ,
1396 1416 1470 1447 quae
1487 1408 1619 1448 impedit
1636 1411 1749 1440 matri-

973 1460 1117 1490 monium
1133 1461 1398 1499 contrahendum,
1416 1463 1446 1491 et
1462 1461 1581 1492 dirimit
1592 1463 1661 1502 jam
1677 1472 1750 1494 cou-

972 1516 1122 1544 tractum.
1140 1513 1227 1544 Circa
1248 1515 1331 1554 quod
1346 1518 1420 1545 nota
1437 1539 1444 1553 ,
1462 1516 1547 1555 quod
1562 1516 1677 1556 trIplex
1692 1527 1749 1557 po-

973 1569 1033 1597 test
1047 1577 1116 1598 esse
1130 1577 1220 1598 error
1235 1568 1425 1598 conditionis
1441 1579 1447 1598 ;
1470 1569 1586 1600 scilicet
1602 1571 1698 1609 paris,
1715 1575 1750 1601 ut

972 1630 1047 1651 cum
1064 1630 1176 1652 servus
1185 1622 1283 1652 credit
1292 1622 1585 1662 accipereliberam,
1598 1627 1627 1654 et
1640 1625 1750 1664 accipit

973 1675 1136 1713 ancillam,
1152 1675 1221 1705 talis
1234 1685 1322 1706 error
1332 1684 1398 1706 non
1411 1676 1543 1716 impedit
1556 1689 1562 1715 ;
1574 1680 1630 1708 aut
1640 1678 1750 1709 condi-

973 1728 1066 1759 tionis
1080 1728 1230 1767 melioris,
1242 1731 1278 1759 ut
1286 1738 1359 1759 cum
1370 1729 1486 1760 scilicet
1497 1730 1595 1761 credit
1609 1732 1749 1771 accipere

972 1782 1119 1812 ancillam
1130 1806 1137 1819 ,
1164 1785 1195 1812 et
1209 1783 1322 1822 accipit
1337 1783 1490 1821 liberam,
1514 1793 1572 1814 nec
1586 1784 1644 1815 iste
1660 1795 1748 1816 error

973 1835 1119 1875 impedit;
1143 1838 1199 1866 aut
1217 1836 1405 1866 conditionis
1421 1837 1584 1868 deterioris
1598 1862 1607 1875 ,
1626 1841 1660 1869 ut
1675 1848 1749 1870 cum

972 1889 1070 1919 credit
1085 1889 1226 1928 accipere
1242 1889 1387 1927 liberam,
1405 1899 1479 1922 cum
1491 1890 1530 1921 sit
1542 1890 1633 1929 liber,
1651 1894 1682 1922 et
1697 1902 1748 1922 ac-

973 1941 1047 1981 cipit
1061 1942 1228 1980 ancillam,
1246 1942 1316 1972 taiis
1330 1942 1460 1983 impedit
1474 1945 1727 1976 contrahendum
1738 1970 1747 1984 ,

972 2000 1003 2028 et
1016 1998 1138 2029 dirimit
1149 2000 1218 2038 jam
1234 2001 1448 2038 contractum,
1465 2000 1525 2030 nisi
1541 2000 1618 2031 velit
1631 2001 1665 2031 in
1679 2011 1749 2033 eam

973 2051 1071 2082 libere
1088 2053 1275 2083 consentire.

1013 2106 1100 2136 Circa
1114 2110 1226 2137 votum
1243 2108 1317 2136 nota
1325 2106 1546 2138 diffinitionem
1564 2108 1725 2148 Hugonis¹
1740 2121 1746 2141 2

976 2172 990 2188 ι(
1011 2159 1124 2190 Votum
1153 2162 1200 2189 cst
1222 2160 1397 2191 testificatio
1418 2162 1637 2200 promissionis
1660 2164 1749 2194 factae

973 2215 1156 2252 spontanee,
1173 2222 1246 2252 quae
1259 2212 1332 2249 Deo,
1347 2214 1426 2244 etde
1436 2214 1486 2244 his
1497 2225 1569 2254 quae
1584 2216 1644 2246 [leo
1656 2218 1751 2256 perti-

973 2269 1061 2304 nent,
1075 2267 1144 2296 sieri
1159 2266 1286 2297 debet.»
1303 2266 1381 2297 Item
1400 2268 1491 2298 aliter
1502 2269 1676 2300 diffinitur:
1690 2270 1750 2302 Vo-

973 2322 1041 2349 tum
1052 2323 1098 2350 est
1111 2320 1250 2350 melioris
1258 2320 1333 2350 boui
1349 2322 1522 2360 conceptio,
1542 2332 1616 2353 cum
1629 2324 1746 2355 delibe-

972 2373 1093 2403 ratione
1108 2373 1253 2403 formata.
1272 2373 1325 2403 Est
1348 2376 1456 2404 autem
1478 2375 1594 2415 duplex
1612 2380 1723 2408 votum
1740 2389 1747 2408 ε

973 2425 1119 2465 simplex,
1132 2428 1162 2456 et
1172 2426 1325 2457 solemne.
1339 2426 1482 2466 Simplex
1492 2431 1550 2467 est,
1562 2430 1594 2460 in
1605 2440 1668 2469 quo
1682 2437 1749 2462 non'

972 2482 1019 2509 est
1036 2480 1070 2509 in
1085 2479 1254 2518 praelatum
1275 2480 1425 2511 translata
1440 2484 1576 2521 potestas
1593 2494 1599 2514 ε
1618 2484 1749 2524 impedit

972 2533 1237 2571 contrahendum,
1255 2533 1309 2563 sed
1320 2542 1384 2564 non
1397 2534 1518 2565 dirimit
1526 2537 1593 2575 jam
1608 2541 1747 2569 contrac-

971 2589 1053 2616 tum.
1078 2586 1226 2617 Solemne
1241 2589 1353 2617 votum
1368 2590 1434 2625 est,
1458 2589 1543 2628 quod
1559 2590 1748 2622 solemniza-

1004 2650 1036 2679 (ιι)
1053 2649 1113 2673 Coet.
1131 2648 1192 2672 edit.
1208 2649 1272 2671 deest
1290 2649 1341 2679 qui.
1354 2650 1434 2681 —·(b)
1450 2651 1510 2674 Item
1525 2652 1589 2675 deest
1605 2653 1669 2683 quis.
