2003 3037
93 1324 198 1345 ereatura

93 1355 181 1382 triplex.

131 2077 209 2097 Poten-

104 2108 132 2128 tia
141 2123 146 2133 ,
186 2115 188 2119 ·

106 2172 126 2190 vt
146 2170 206 2189 lumi>

115 2204 148 2221 tas
161 2201 198 2220 l)=·i

106 2266 173 2283 honr.

209 218 268 249 384

206 285 328 317 Anima
347 285 378 315 et
399 281 538 323 Spiritu,
555 279 672 311 dicitur
686 279 836 316 essentia,
851 277 982 319 species,

206 340 238 370 et
251 346 346 375 usus;
368 345 387 367 a
405 334 566 376 Dionysio⁷
588 333 772 371 harmonia,
795 332 933 373 species,
954 333 986 362 et

205 389 492 427 commensurati03
510 388 587 419 item
602 388 642 418 ab
656 386 779 425 eodem,
797 385 983 423 substantia,

206 445 321 483 virtus,
332 446 364 475 et
377 442 530 484 operatio.
543 441 591 473 Ex
600 450 666 472 una
676 449 756 480 ergo
766 441 855 480 parte
869 439 988 470 cadunt

205 498 329 536 unitas,
351 496 482 534 modus,
505 495 656 533 essentia,
678 493 872 531 substantia,
891 500 988 523 men-

207 560 284 583 sura
308 553 339 583 et
362 549 650 587 commensurati03
677 557 718 579 ex
739 556 823 585 una,
851 546 986 583 veritas,

206 613 378 644 numerus,
403 603 537 644 species,
557 603 661 634 virtus
685 604 717 633 et
739 600 924 637 harmonia;
948 609 989 631 ex

207 669 290 699 una,
315 659 456 696 bonitas,
478 657 572 696 ordo,
595 665 690 695 usuS,
715 654 840 696 pondus
860 656 892 685 et
913 663 988 694 ope—

208 714 300 746 ratio.
322 713 362 744 De
382 713 487 754 primo
507 713 614 742 autem
631 709 771 741 ternario
790 710 881 746 uota,
904 707 989 748 quod

209 777 313 800 unum
335 767 481 799 nominat
497 774 554 797 ens
570 762 796 795 commutabile
814 769 989 792 connume-

209 821 320 860 rabile⁷
344 823 375 852 et
396 820 458 851 hoc
481 820 611 860 propter
634 815 858 848 indivisionem
881 815 931 845 sui
957 814 990 845 in

210 885 261 914 se;
278 883 394 907 verum
408 873 554 905 nominat
568 881 626 903 cns
639 869 867 910 cognoscibile,
884 871 915 899 et
929 868 991 899 hoc

209 932 295 971 patet
314 938 370 970 per
384 927 610 960 indivisionem
626 925 676 956 sui
693 934 712 955 a
726 923 854 965 propria
869 923 988 963 specie;

210 985 332 1016 bonum
348 983 494 1014 nominat
511 991 568 1012 ens
582 977 865 1016 communicabile,
884 979 915 1008 et
933 977 991 1008 hoc

211 1038 307 1069 habet
320 1046 376 1078 per
390 1036 615 1069 indivisionem
635 1034 685 1065 sui
700 1042 719 1064 a
735 1032 864 1073 propria
878 1040 992 1071 opera—

212 1093 310 1125 tione.

481 1152 630 1188 SECTlO
658 1152 716 1185 IX.

351 1233 388 1260 De
407 1232 513 1267 triplici
532 1230 689 1265 differentia
709 1229 848 1255 creaturoe.

254 1307 370 1345 Tertio,
387 1306 470 1337 circa
486 1303 727 1344 productionem
746 1300 870 1339 mundi,
888 1300 990 1331 habe-

216 1371 288 1393 mus
302 1359 463 1392 attendere
478 1359 633 1389 creaturae
651 1355 897 1386 triformitatem.
916 1353 992 1384 Pro-

215 1415 307 1446 duxit
320 1414 406 1445 euim
418 1412 500 1443 Deus
515 1411 618 1442 trinus
634 1412 665 1440 et
680 1418 766 1440 unus
781 1408 993 1439 differentiam

216 1469 371 1508 triplicem
397 1468 564 1497 creaturae.
590 1464 670 1495 Nam
692 1462 844 1503 produxit
867 1464 992 1492 creatu-

216 1532 285 1554 ram
316 1530 395 1562 pure
423 1519 620 1560 corporalem
639 1541 646 1555 ,
678 1520 712 1548 ut
743 1520 789 1547 cst
823 1515 995 1547 mundialis

218 1575 384 1612 machinam
406 1576 587 1605 creaturam
614 1580 694 1611 pure
714 1569 933 1610 spiritualem,
957 1571 994 1599 ut

218 1633 265 1661 est
281 1631 396 1660 natura
411 1627 576 1665 angelicm
602 1627 781 1656 creaturam
800 1633 839 1654 cx
859 1625 996 1663 utraque

219 1683 439 1723 compositam,
454 1683 488 1712 ut
500 1682 545 1711 cst
559 1679 834 1710 naturaliumana.
847 1677 897 1707 Sic
909 1677 995 1707 enim

219 1736 324 1768 decuit
341 1736 438 1766 Deum
455 1733 630 1773 producere
648 1731 735 1762 varia
753 1734 781 1761 et
797 1731 922 1762 diversa
935 1756 945 1769 ,
963 1733 998 1761 ut

220 1789 437 1829 multiplicitas
458 1789 613 1818 creaturae
639 1787 753 1816 faceret
774 1785 997 1825 perfectiffliem

221 1842 363 1875 universi
381 1852 386 1871 :
405 1851 477 1882 quae
500 1839 642 1871 consistit
660 1839 692 1869 in
707 1838 914 1878 amplitudine
929 1847 998 1868 am-

222 1898 325 1936 bitus⁷
343 1896 375 1926 in
398 1894 587 1926 sufficientia
613 1893 752 1929 ordinis,
779 1895 809 1923 et
833 1893 999 1923 influentia

222 1950 371 1982 bonitatis
389 1961 395 1980 :
413 1958 453 1979 ex
472 1948 590 1988 quibus
605 1947 701 1977 etiam
718 1946 825 1976 divina
841 1946 979 1986 potentia
990 1970 997 1984 ,

223 2005 377 2045 sapientia
392 2005 422 2033 et
436 2002 560 2032 bonitas
577 2000 756 2030 innotescit.

265 2058 372 2088 Dccuit
389 2064 527 2095 namque
548 2055 649 2085 Deum
672 2053 715 2083 sic
734 2062 783 2083 ros
806 2052 979 2092 producere
991 2077 999 2090 ‚

147 2146 159 2158 u
172 2114 207 2158 ᾗῇ·
225 2114 260 2143 ut
271 2113 374 2143 essent
388 2110 427 2141 ad
443 2107 731 2139 imniil'estationem
748 2115 815 2136 suae
832 2106 999 2146 potentiae:

225 2176 297 2206 quae
314 2164 444 2205 quidem
460 2161 607 2202 apparuit
622 2161 654 2190 in
679 2159 887 2200 productione
912 2169 1001 2190 crea-

148 2239 210 2252 mu-
228 2223 371 2251 turnrum
390 2225 516 2248 summe
541 2213 747 2251 distantium,
768 2215 799 2243 et
817 2213 1002 2244 earumdem

227 2273 448 2313 conjunctione
462 2295 469 2308 ‚
496 2272 531 2300 nt
544 2271 629 2309 patet
656 2268 688 2298 in
709 2270 823 2298 natura
844 2268 1002 2306 humana,

230 2330 334 2367 inqua
348 2333 537 2365 corporeum
551 2325 581 2353 et
598 2323 821 2362 incorporeum
832 2321 1002 2352 uniuntur.

231 2381 307 2412 item
322 2380 427 2411 decuit
444 2379 541 2409 ileum
565 2377 607 2407 sic
625 2386 674 2407 res
695 2376 882 2416 producere,
903 2379 936 2406 ut
953 2386 1006 2407 cs-

230 2437 299 2464 sent
312 2434 345 2464 iu
357 2431 641 2462 mainitestationem
658 2439 724 2460 sua!
736 2429 898 2469 sapientiae
915 2439 1005 2469 :quae

232 2487 372 2518 maxime
392 2496 431 2515 ex
451 2484 642 2524 perfectione
664 2483 784 2513 ordinis
808 2483 1004 2522 declaratur,

232 2542 287 2582 qui
301 2540 429 2581 quidem
441 2539 518 2569 onio
529 2537 706 2569 necessario
722 2537 780 2567 tria
792 2538 935 2577 requirit,
952 2538 1007 2568 sci-

233 2596 304 2626 licet
319 2594 465 2624 intimum
478 2616 485 2629 ,
511 2592 652 2622 medium
670 2593 700 2621 et
715 2599 914 2630 supremum.
933 2590 1008 2622 lnfi-

235 2658 324 2680 mum
346 2647 404 2677 suit
431 2648 546 2675 natura
570 2644 764 2684 corporali53
793 2653 981 2684 supremum
997 2670 1006 2684 ‚

235 2705 352 2734 natura
368 2698 543 2740 spiritualis
556 2710 563 2735 ·,
582 2699 737 2735 medium,
755 2700 869 2728 natura
885 2707 1009 2738 compo-

861 208 1168 247 CENTILOQUIUM.

1041 277 1102 308 sita
1115 286 1157 308 ex
1179 279 1327 318 utraque.
1350 276 1428 308 Item
1449 276 1555 308 decuit
1575 275 1678 309 Deum
1699 277 1746 310 sic
1767 287 1819 310 res

1041 329 1215 370 producere
1224 354 1232 368 ‚
1244 332 1280 362 nt
1290 332 1395 362 essent
1404 330 1438 361 in
1453 330 1740 362 manifestationem
1751 341 1820 364 suae

1042 384 1193 416 honitatis
1222 387 1253 416 et
1282 384 1513 416 benevolentiae
1542 395 1549 416 :
1579 394 1654 426 quae
1679 385 1821 418 maxime

1044 438 1188 470 consistit
1201 439 1234 470 in
1249 439 1420 470 diffusione
1434 441 1466 470 et
1479 439 1772 470 communicatione
1785 439 1821 470 in

1019 511 1024 516 -
1043 492 1194 528 alterum,
1211 491 1263 524 Sic
1277 501 1358 533 ergo
1373 492 1484 524 divina
1497 492 1622 524 bonitas
1639 493 1822 524 communi-

1044 546 1129 578 cavit
1143 548 1250 578 actum
1262 546 1516 586 nobilissimum,
1535 546 1590 587 qui
1604 548 1653 577 est
1666 546 1776 578 vivere
1791 548 1822 578 et

1044 600 1227 640 intelligere
1239 624 1248 640 ‚
1263 603 1302 632 ut
1314 610 1378 632 non
1394 603 1521 632 tantum
1537 601 1626 632 daret
1638 600 1692 631 alii
1708 602 1823 641 poten-

1045 654 1124 685 tiam
1141 653 1272 685 vivendi
1295 656 1326 685 et
1340 654 1561 694 intelligendi,
1579 653 1633 685 sed
1653 654 1749 685 etiam
1764 663 1821 695 po-

1046 708 1179 739 tentiam
1193 717 1227 739 se
1240 708 1499 740 communicandi
1513 708 1567 739 alii
1581 718 1589 739 :
1604 708 1690 749 quod
1705 708 1823 740 factum

1046 763 1094 792 est
1109 761 1142 792 in
1157 761 1306 801 homine,
1322 762 1356 793 in
1371 771 1436 803 quo
1455 762 1630 802 spiritualis
1645 762 1712 793 vita
1725 764 1757 793 et
1773 762 1823 792 in-

1046 815 1203 848 tellectiva
1218 815 1342 856 perficit
1358 815 1568 856 corporalem.

1327 926 1475 960 SECTIO
1499 926 1542 960 X.

1161 1010 1197 1035 De
1213 1008 1389 1043 productione
1407 1008 1539 1035 machinae
1556 1006 1713 1035 mundialis.

1090 1086 1131 1117 De
1146 1086 1196 1116 his
1206 1085 1308 1117 tribus
1322 1085 1509 1116 differentiis
1519 1085 1694 1116 videndum
1708 1087 1756 1116 est
1770 1094 1827 1125 per

1048 1139 1209 1178 ordinem,
1227 1142 1258 1170 et
1274 1139 1378 1179 primo
1394 1143 1402 1158 ¹
1421 1138 1460 1170 de
1474 1141 1591 1170 natura
1613 1147 1692 1179 pure
1713 1148 1827 1179 corpo-

1049 1194 1106 1225 rali
1118 1218 1127 1232 ,
1158 1193 1337 1233 cujusmodi
1373 1195 1421 1224 est
1457 1192 1605 1224 machina
1630 1192 1805 1224 mundialis
1815 1216 1825 1231 ‚

1049 1256 1121 1287 quae
1147 1256 1204 1278 sex
1232 1247 1344 1278 diebus
1363 1247 1423 1277 fuit
1447 1247 1479 1277 in
1504 1256 1571 1277 esse
1593 1246 1763 1286 producta,
1785 1247 1829 1278 ita

1050 1301 1134 1341 quod
1151 1301 1184 1331 in
1201 1301 1357 1342 principio
1372 1303 1444 1332 ante
1459 1309 1588 1332 omnem
1603 1300 1688 1331 diem
1710 1301 1829 1332 creavit

1051 1355 1131 1386 Deus
1147 1355 1263 1386 coelum
1279 1357 1310 1386 et
1325 1357 1457 1385 terram.
1476 1353 1583 1385 Prima
1597 1363 1674 1385 vero
1696 1354 1747 1386 die
1767 1354 1830 1385 sor-

1051 1411 1137 1440 mata
1159 1411 1206 1439 est
1229 1409 1306 1446 lnx3
1326 1408 1485 1445 secunda,
1513 1408 1630 1438 sactum
1652 1410 1698 1438 est
1718 1409 1826 1438 firma-

1051 1466 1196 1493 mentum
1211 1463 1242 1492 in
1260 1463 1364 1493 medio
1375 1471 1551 1502 aquarum;
1570 1463 1663 1492 tertia
1678 1462 1729 1493 die
1743 1471 1830 1502 sepa-

1051 1519 1129 1547 rata:
1146 1519 1221 1547 sunt
1236 1525 1330 1557 aquae
1353 1526 1371 1547 a
1393 1519 1495 1554 terra,
1513 1518 1544 1547 et
1564 1518 1772 1556 congregatae
1796 1516 1829 1546 in

1051 1581 1153 1602 unum
1162 1571 1266 1602 locum
1279 1582 1285 1608 3
1299 1573 1412 1611 quarta
1427 1570 1476 1601 (lie
1487 1573 1638 1602 ornatum
1650 1572 1697 1601 est
1711 1570 1827 1602 coelum

1052 1626 1283 1663 lnminarilnis;
1301 1625 1411 1665 quinta
1429 1625 1479 1656 die
1496 1634 1550 1656 aer
1570 1627 1601 1656 et
1620 1634 1704 1665 aqua
1726 1625 1829 1655 ornati

1052 1681 1127 1710 sunt
1143 1679 1281 1719 piscibus
1293 1681 1324 1709 et
1339 1678 1473 1717 avilius3
1488 1681 1577 1709 sexta
1592 1679 1643 1709 die
1657 1681 1770 1710 ornata
1781 1679 1829 1710 est

1053 1735 1136 1763 terra
1150 1732 1344 1763 animalibus
1365 1734 1396 1762 et
1411 1732 1612 1770 hominibus3
1630 1732 1763 1772 septima
1778 1732 1828 1763 die

1054 1786 1208 1826 requievit
1227 1785 1308 1816 Deus
1330 1795 1348 1816 a
1368 1795 1527 1816 novarum
1553 1786 1729 1826 specierum
1753 1794 1826 1826 pro-

1053 1840 1202 1871 ductione
1215 1865 1222 1878 ,
1239 1840 1391 1880 quoniam
1408 1840 1517 1870 omnia
1531 1840 1666 1878 fecerat,
1681 1839 1732 1871 vel
1745 1839 1779 1870 in
1791 1840 1828 1870 si-

1054 1895 1139 1932 mili,
1155 1894 1235 1925 sicut
1251 1894 1303 1924 illa
1320 1903 1391 1934 quae
1408 1897 1629 1934 propagantur
1643 1905 1650 1932 ;
1668 1894 1719 1926 vel
1734 1894 1768 1925 in
1783 1903 1831 1925 ra-

1055 1950 1138 1980 tione
1154 1949 1315 1986 seminali,
1333 1949 1413 1979 sicut
1432 1949 1483 1979 illa
1499 1958 1572 1989 quae
1587 1949 1656 1979 aliis
1670 1949 1771 1980 modis
1786 1948 1831 1978 in-

1055 2003 1268 2033 troducuntur
1285 2003 1316 2032 in
1333 2012 1410 2032 csse.

1098 2056 1133 2086 lit
1148 2057 1191 2086 sic
1207 2056 1368 2093 colligitur
1383 2065 1422 2086 ex
1439 2047 1596 2096 praedictis
1617 2055 1702 2095 quod
1717 2055 1832 2095 triplex

1056 2109 1115 2140 fnit
1130 2110 1270 2149 operatio
1284 2109 1393 2140 divina
1409 2110 1441 2139 in
1465 2110 1575 2140 mundi
1594 2109 1742 2140 machina
1758 2117 1831 2149 pro-

1057 2163 1221 2200 ducenda,
1240 2162 1356 2193 scilieet
1379 2163 1510 2201 creatio,
1529 2163 1709 2200 distinctio,
1725 2164 1756 2193 et
1777 2162 1834 2193 ad-

1058 2217 1193 2248 ornatio.
1214 2217 1321 2248 Prima
1335 2217 1475 2256 operatio
1491 2217 1712 2257 appropriatur
1728 2215 1813 2247 Patri
1823 2226 1831 2253 ;

1059 2271 1196 2302 secunda
1210 2271 1306 2309 Filio3
1324 2271 1417 2301 tortia
1432 2271 1562 2310 Spiritui
1579 2272 1698 2301 sancto.
1713 2268 1834 2300 Creatio

1060 2325 1117 2355 suit
1139 2334 1177 2355 cx
1203 2324 1326 2355 nihilo:
1346 2324 1414 2355 idco
1441 2324 1497 2355 fuit
1528 2324 1561 2354 in
1584 2323 1739 2364 principio
1762 2324 1834 2353 ante

1060 2389 1189 2410 omnem
1205 2379 1288 2409 diem
1304 2403 1309 2415 ‚
1336 2381 1487 2418 tanquam
1511 2386 1619 2408 rerum
1641 2377 1787 2407 omnium
1804 2377 1835 2406 et.

1060 2435 1242 2472 temporum
1278 2432 1532 2462 fumlanwntum.
1566 2425 1727 2461 Distinctio
1759 2438 1835 2460 vero

1061 2495 1231 2526 corporum
1256 2485 1493 2516 mundanorum
1510 2484 1567 2514 fuit
1582 2483 1676 2514 modo
1691 2482 1804 2523 triplici
1826 2493 1833 2512 :

1062 2540 1131 2570 ideo
1155 2548 1211 2579 per
1232 2539 1373 2569 triduum
1399 2538 1457 2568 tuit
1481 2538 1573 2567 sacta.
1604 2536 1711 2576 ltaque
1732 2536 1837 2576 prima

1063 2593 1112 2623 die
1127 2593 1186 2623 t'uit
1207 2594 1288 2623 tacta
1305 2591 1462 2623 distinctio
1478 2592 1600 2622 naturae
1626 2590 1793 2621 luminosae
1819 2598 1838 2620 a

1063 2647 1231 2686 perspicua
1245 2649 1276 2677 et
1300 2654 1397 2685 opaca
1411 2669 1419 2683 ‚
1437 2653 1510 2675 cum
1528 2644 1586 2675 lux
1602 2653 1621 2675 a
1637 2643 1776 2675 tenebris
1792 2643 1839 2673 est

1097 2709 1185 2734 ¹ldcm
1200 2716 1266 2740 sup.,
1282 2708 1387 2736 Brevia,
1401 2714 1427 2738 p.
1446 2708 1475 2738 ll,
1491 2714 1514 2731 c.
1531 2713 1558 2731 ιι,

1870 2072 1953 2097 Opera-

1862 2103 1891 2122 tio
1902 2101 1941 2122 Dei

1861 2133 1940 2159 triplex

1858 2165 1880 2184 in
1897 2169 1945 2190 pro-

1849 2194 1949 2216 ducendo

1849 2226 1940 2247 mundo.
