2003 3037
64 698 97 719 Ad
108 699 142 719 vi-

35 730 80 750 tum
94 729 142 750 hie-

49 760 132 780 rai-chi-

35 796 85 811 oum
98 791 143 812 tren

35 822 98 842 notus
106 828 142 843 ne-

35 853 132 874 cessar-ii.

670 199 718 231 DE
740 198 889 231 GRATIA
911 198 1093 231 SPIRITUS
1114 199 1264 233 SANCTI.

162 267 206 300 ita
228 267 315 309 quod
333 275 436 299 unum
459 267 506 298 est
526 266 688 306 dirigens,
704 267 736 298 et
756 266 841 298 aliud
863 276 938 298 exe-

161 331 280 363 quens;
296 322 380 354 circa
394 320 571 353 secundum
584 318 776 360 expedimur
789 329 847 360 per
861 329 937 352 con-

160 375 269 407 silium
284 375 427 415 dirigens
438 376 468 406 et
478 373 698 405 fortitudinem
710 375 936 414 exequentem.

160 429 292 461 Necesse
303 429 399 460 etiam
414 428 571 460 habemus
584 426 746 467 quiescere
759 427 791 457 in
804 427 936 468 optimo,

160 485 190 514 et
217 483 277 514 hoc
304 484 464 524 quantum
491 480 531 512 ad
558 480 756 511 intellectum
786 481 855 511 veri
873 506 880 519 ‚
908 485 939 513 et

159 539 318 577 quantum
332 536 370 567 ad
387 535 538 567 affectum
552 534 627 565 boni
644 545 650 565 :
668 534 811 574 primum
831 535 866 565 fit
880 544 938 575 per

159 591 281 622 donum
300 589 499 626 intellectus;
520 588 713 627 secundum,
739 597 796 629 per
815 588 936 620 donum

159 644 341 685 sapientiae,
357 643 392 674 in
406 651 470 684 quo
485 644 532 673 est
547 642 647 682 quies.

199 697 313 736 Sexto,
330 697 369 729 ad
385 695 620 737 expeditionem
633 696 668 726 in
680 697 934 737 contemplando,

157 751 240 783 dona
261 751 398 792 Spiritus
419 751 518 782 sancti
540 750 573 781 in
597 750 779 790 septenario
799 760 936 782 numero

156 807 243 836 sunt.
266 804 347 836 Nam
371 804 410 835 ad
432 804 533 836 vitam
548 804 782 835 hierarchicam
804 806 835 834 et
855 813 934 835 con-

157 859 375 899 templativam
391 858 606 889 necessarium
630 859 677 888 est
698 858 840 888 animam
860 868 934 898 pur—

156 913 242 952 gari,
260 912 436 943 illuminari
463 914 493 942 et
515 911 638 952 perfici.
664 911 802 951 Purgari
827 913 934 943 autem

155 968 278 1006 oportet
292 976 309 997 a
324 965 592 1006 concupiscentia,
605 974 624 995 a
635 965 772 1003 malitia,
789 965 829 996 ab
844 965 935 1004 igno—

154 1020 273 1058 rantia,
291 1020 331 1051 ab
354 1019 558 1057 infirmitate,
577 1027 633 1049 seu
649 1018 847 1058 impotentia.
864 1017 931 1049 Pri-

154 1083 246 1104 mum
266 1073 339 1104 facit
357 1073 472 1111 timon
489 1072 667 1103 secuudum
684 1095 693 1110 ‚
717 1071 819 1111 pietas
837 1083 843 1109 ;
869 1074 932 1103 ter-

153 1127 235 1158 tium
247 1151 255 1166 ‚
271 1126 420 1165 scientia3
438 1128 607 1166 quartum,
626 1125 790 1156 fortitudo.
808 1125 930 1156 Illumi-

152 1181 223 1211 nari
238 1182 345 1211 autem
366 1179 551 1219 indigemus
574 1179 608 1210 in
632 1179 782 1219 operibus
806 1188 933 1219 repara—

152 1233 246 1265 tionis
255 1257 264 1271 ,
276 1235 307 1264 et
320 1234 481 1274 primariae
497 1232 706 1264 conditionis:
723 1232 866 1272 primuni
878 1233 932 1264 dat

152 1287 345 1325 consilium3
373 1287 573 1324 secundum,
596 1286 784 1317 intellectus.
818 1286 931 1317 Persici

152 1343 260 1372 autem
275 1341 431 1371 habemus
445 1349 502 1381 per
518 1349 680 1371 accessum
696 1340 736 1371 ad
749 1350 926 1379 summum,

151 1393 236 1434 quod
251 1393 393 1425 consistit
407 1394 440 1424 in
454 1402 521 1424 uno
531 1417 538 1431 ‚
554 1395 586 1424 et
599 1393 661 1424 hoc
673 1402 730 1433 per
746 1393 868 1425 donum
884 1403 931 1425 sa-

150 1448 278 1488 pientiae
295 1458 301 1478 :
324 1449 355 1479 et
377 1447 422 1479 sic
443 1456 598 1478 arcanum
621 1447 896 1488 contemplationis
911 1458 929 1479 a

149 1501 213 1533 lato
228 1503 473 1533 consummatur
489 1500 581 1541 quasi
597 1500 629 1531 iu
642 1501 766 1532 cubico.

190 1555 343 1596 Septimo,
356 1555 395 1586 ad
403 1554 638 1595 expeditionem
646 1554 679 1584 in
689 1555 811 1586 actione
821 1557 929 1587 etcon-

150 1608 364 1649 templatione‚
374 1610 493 1649 septem
503 1608 619 1639 debent
628 1617 695 1638 esse
701 1607 782 1638 dona
791 1608 928 1648 Spiritus

147 1663 259 1693 sancti.
279 1662 358 1693 Nam
373 1661 635 1701 contemplativa,
652 1663 783 1701 propter
796 1671 928 1693 conver—

147 1716 269 1746 sionem
300 1716 339 1746 ad
363 1715 552 1746 Trinitatem
569 1738 578 1753 ‚
600 1714 662 1744 tria
688 1714 781 1745 debet
809 1715 927 1747 habere

147 1769 232 1800 dona
246 1769 448 1810 expedientia
461 1792 468 1806 ‚
486 1768 603 1799 scilicet
619 1777 627 1799 ε
644 1770 804 1808 quantum
820 1770 859 1800 ad
874 1779 926 1801 re-

146 1823 326 1854 verentiam
351 1822 548 1863 maiestatis,
567 1822 738 1860 timorem;
766 1825 925 1863 quantum

145 1877 185 1908 ad
218 1876 465 1916 intelligentiam
498 1876 642 1907 veritatis
663 1900 671 1914 ,
701 1876 896 1908 intellectum
914 1889 922 1916 ;

145 1933 304 1971 quantum
323 1939 400 1962 vero
422 1930 461 1961 ad
481 1929 685 1970 sapientiam,
705 1930 772 1961 sive
789 1933 923 1969 gustum

144 1983 295 2015 honitatis
313 2008 321 2021 ‚
349 1984 548 2023 sapientiam.
583 1982 695 2014 Activa
719 1992 820 2022 vero,
850 1994 923 2025 quae

143 2042 290 2070 versatur
318 2038 351 2068 in
380 2037 516 2077 agendis
539 2039 570 2068 et
597 2037 805 2076 sustinendis,
831 2038 924 2069 debet

143 2092 261 2123 habere
282 2094 420 2132 quatuor
437 2103 444 2123 ε
462 2092 578 2122 scilicet
595 2092 745 2132 pietatem
764 2093 802 2123 ad
818 2102 922 2132 agen-

143 2145 239 2183 dum,
266 2147 297 2176 et
320 2145 539 2176 fortitudinem
559 2145 598 2176 ad
624 2146 868 2185 sustinendum⁷
891 2149 922 2178 et

143 2198 297 2230 directiva
310 2199 428 2229 horum
443 2199 599 2237 duorum,
619 2199 735 2229 scilicet
755 2199 920 2231 seientiam

143 2253 174 2282 et
199 2252 378 2282 consilium.
403 2251 506 2290 Unde,
528 2251 603 2291 quia
625 2251 663 2282 ad
686 2252 920 2291 expeditionem

142 2306 320 2337 necessaria
343 2307 390 2337 est
417 2305 548 2336 directio
563 2329 573 2343 ,
599 2305 670 2336 ideo
699 2305 735 2335 fit
761 2305 919 2336 donorum

143 2360 336 2390 combinatio
347 2384 354 2398 ‚
372 2362 402 2390 et
415 2359 554 2400 plurima
570 2361 645 2390 sunt
659 2359 742 2390 dona
763 2359 800 2390 ad
824 2359 917 2390 iutel-

142 2413 259 2444 lectum
293 2415 465 2454 spectantia
481 2437 492 2452 ,
533 2413 609 2453 quia
642 2413 699 2444 lux
728 2413 918 2452 cognitionis

142 2466 348 2498 vehementer
362 2467 490 2507 expedit
511 2467 551 2498 ad
565 2466 749 2506 dirigendos
768 2466 862 2506 pedes
883 2467 917 2497 in

143 2519 230 2550 viam
243 2522 363 2551 rectam
378 2522 409 2552 et
424 2521 520 2561 pacis.

175 2583 180 2595 ¹
195 2582 264 2608 Psal.
279 2589 350 2614 xxrv,
366 2585 404 2608 10.

1716 210 1774 240 303

1254 329 1415 364 CAPUT
1448 330 1511 364 VI.

995 411 1032 437 De
1051 411 1247 446 ramificatione
1266 414 1363 447 qratiae
1381 414 1412 441 in
1432 415 1538 442 habitus
1559 416 1772 452 beatitudinum,

1085 458 1109 483 et
1118 464 1170 491 per
1181 465 1351 493 consequeris,
1367 460 1506 493 fructuum
1516 463 1542 488 et
1551 469 1682 490 sensuum.

1035 535 1077 567 De
1093 537 1324 570 ramificatione
1338 542 1446 572 autem
1462 543 1576 582 gratiae
1597 543 1630 574 in
1645 544 1773 576 habitus

994 589 1229 623 beatitudinum
1253 593 1322 624 haec
1344 595 1482 627 tenenda
1504 599 1579 628 sunt
1600 608 1607 628 :
1632 598 1768 638 scilicet,

993 643 1078 683 quod
1094 647 1215 685 septem
1231 649 1307 678 sunt
1323 647 1551 687 beatitudines,
1573 661 1653 692 quas
1667 651 1773 685 Salva-

993 698 1043 727 tor
1058 701 1226 730 enumerat
1240 700 1274 730 in
1290 710 1438 734 sermone
1454 703 1492 734 de
1507 707 1633 744 monte,
1655 706 1773 738 scilicet

993 753 1163 791 paupertas
1179 753 1330 793 spiritus,
1347 755 1467 787 mititas
1479 781 1488 795 ‚
1504 757 1626 797 luctus,
1651 761 1772 792 esuries

989 805 1143 845 justitiae,
1166 807 1399 848 misericordia,
1414 811 1571 842 munditia
1594 814 1718 853 cordiS,
1741 818 1772 846 et

992 868 1064 898 pax.
1081 859 1130 891 Ad
1150 860 1208 891 has
1223 871 1299 893 vero
1322 863 1534 896 beatitudines
1545 890 1555 904 ,
1572 869 1702 907 propter
1721 870 1771 900 sui

991 913 1217 952 perfectionem
1243 918 1274 947 et
1307 917 1540 957 plenitudinem
1563 943 1570 956 ‚
1603 920 1770 954 duodecim

991 966 1115 998 fructus
1128 968 1267 1009 Spiritus
1277 995 1285 1008 ‚
1303 972 1334 1001 ct
1350 971 1493 1012 quinque
1508 973 1689 1013 spirituales
1702 986 1772 1007 sen-

990 1029 1045 1051 sus
1071 1026 1313 1063 consequuntur
1334 1035 1340 1055 :
1364 1026 1419 1065 qui
1445 1035 1509 1057 non
1535 1027 1646 1059 dicunt
1669 1039 1770 1062 novos

989 1073 1118 1106 habitus
1130 1100 1139 1114 ‚
1156 1077 1210 1107 sed
1232 1079 1333 1108 status
1356 1078 1622 1120 delectationum,
1640 1085 1671 1113 et
1691 1094 1770 1116 usus

989 1128 1205 1168 spiritualium
1218 1131 1472 1170 speculationum
1484 1158 1494 1171 ,
1515 1135 1633 1174 quibus
1647 1137 1771 1177 replen-

989 1183 1042 1212 tur
1051 1185 1082 1212 et
1090 1183 1294 1215 consolantur
1304 1186 1434 1226 spiritus
1443 1187 1586 1219 virorum
1592 1190 1605 1229 j
1611 1192 1766 1223 ustorum.

1030 1235 1120 1267 Ratio
1142 1239 1250 1268 autem
1271 1239 1310 1270 ad
1332 1239 1577 1280 intelligentiam
1601 1244 1768 1283 praedicto—

987 1297 1061 1319 rum
1077 1290 1147 1320 haec
1161 1293 1207 1321 est
1224 1301 1231 1322 :
1248 1292 1321 1332 quia
1343 1302 1417 1324 cum
1441 1297 1660 1335 reparativum
1678 1299 1766 1338 prin-

987 1342 1108 1382 cipium
1130 1344 1169 1374 sit
1190 1345 1475 1386 perfectissimum,
1493 1351 1524 1379 et
1541 1350 1767 1389 perfectissime

987 1397 1203 1436 reparativum
1235 1401 1265 1430 et
1295 1400 1538 1433 reformativum
1566 1413 1622 1443 per
1645 1405 1766 1436 donum

987 1451 1168 1489 gratuitum
1184 1463 1190 1490 ;
1209 1452 1279 1484 ideo
1296 1455 1410 1493 gratiae
1426 1455 1547 1486 donum
1562 1458 1602 1487 ab
1617 1458 1684 1498 ipso
1700 1469 1766 1490 ma-

985 1511 1067 1533 nans
1081 1503 1255 1535 liberaliter
1269 1507 1300 1535 et
1314 1506 1441 1538 abunde
1453 1532 1463 1546 ,
1479 1509 1653 1541 ramificari
1672 1512 1765 1543 debet

985 1565 1089 1597 usque
1113 1558 1151 1587 ad
1175 1558 1302 1589 habitus
1327 1560 1557 1599 perfectionum
1575 1588 1582 1601 ‚
1607 1565 1661 1603 qui
1688 1575 1762 1597 cum

984 1611 1041 1640 fini
1057 1612 1297 1651 approximent,
1311 1616 1396 1644 recto
1406 1616 1562 1647 vocabulo
1578 1627 1764 1661 nuncupan-

983 1666 1036 1695 tur
1051 1674 1091 1696 ex
1106 1666 1235 1697 nomine
1250 1667 1485 1699 beatitudinum
1505 1681 1511 1700 :
1527 1680 1665 1710 quarum
1679 1675 1764 1705 susti-

982 1718 1096 1749 cientia
1104 1742 1114 1757 ,
1132 1729 1288 1751 numerus
1303 1723 1334 1752 et
1349 1722 1426 1752 ordo
1443 1723 1607 1763 colligItur
1623 1735 1663 1757 ex
1680 1727 1763 1759 inte-

983 1772 1098 1810 gritate
1114 1773 1315 1813 perfectionis
1328 1799 1335 1813 ‚
1357 1777 1388 1806 et
1408 1785 1448 1807 ex
1470 1778 1572 1809 modis
1595 1781 1761 1820 perfectio-

981 1835 1059 1856 num
1069 1850 1078 1864 ,
1093 1829 1123 1858 et
1138 1837 1178 1858 ex
1194 1828 1455 1868 dispositionibus
1469 1831 1508 1862 ad
1522 1834 1758 1872 perfectionem.

980 1879 1088 1911 Primo
1113 1881 1213 1920 igitur
1244 1883 1283 1912 ad
1312 1883 1533 1923 integritatem
1560 1888 1760 1927 perfectionis

979 1934 1155 1973 requiritur
1181 1937 1359 1967 necessario
1388 1939 1545 1977 perfectus
1574 1950 1718 1974 recessus
1741 1954 1759 1974 a

978 1988 1081 2026 malo,
1099 1989 1256 2028 perfectus
1272 1999 1437 2030 processus
1456 1993 1489 2023 in
1511 1994 1610 2034 bono,
1629 1999 1659 2027 et
1684 2007 1758 2037 per-

978 2041 1078 2072 fectus
1108 2044 1208 2074 status
1239 2044 1271 2074 in
1302 2044 1435 2084 optimo.
1466 2046 1625 2084 Quoniam
1650 2054 1758 2082 autem

978 2095 1101 2126 malum
1117 2099 1172 2128 aut
1194 2098 1334 2137 procedit
1360 2108 1401 2130 ex
1422 2102 1550 2133 tumore
1575 2106 1755 2145 superbiae,

977 2152 1033 2180 aut
1056 2159 1096 2180 ex
1120 2159 1253 2182 rancore
1283 2152 1433 2191 malitiae,
1458 2159 1513 2185 aut
1537 2166 1576 2187 ex
1600 2157 1756 2198 languore

976 2205 1260 2244 concupiscentiae3
1278 2207 1368 2246 ideo,
1386 2208 1425 2238 ad
1441 2210 1576 2247 perfecte
1599 2212 1755 2252 elongan-

976 2256 1053 2286 duni
1069 2258 1108 2287 ab
1122 2258 1183 2289 hoc
1202 2259 1318 2299 triplici
1337 2270 1455 2299 genere
1480 2263 1556 2293 mali
1568 2288 1576 2303 ‚
1598 2267 1661 2296 tres
1681 2271 1755 2299 sunt

975 2312 1164 2342 necessariae
1186 2313 1399 2346 beatitudines
1416 2327 1422 2346 ε
1441 2317 1560 2349 scilicet
1583 2325 1754 2361 paupertas

976 2364 1122 2404 spiritus,
1141 2366 1298 2406 elongans
1313 2377 1332 2398 a
1347 2369 1431 2400 malo
1449 2372 1602 2411 tumoris3
1622 2376 1751 2416 mititas,

1822 1903 1868 1923 Inte
1875 1914 1880 1917 ·

1794 1934 1862 1959 grtias

1785 1964 1868 1990 persce-

1794 1996 1860 2015 tionis

1787 2027 1866 2053 quibus

1774 2060 1865 2078 constet.

1797 2231 1851 2250 Tres

1777 2262 1868 2282 beatitu-

1789 2293 1853 2314 dines

1783 2328 1858 2345 contra

1784 2357 1861 2382 triplex

1782 2388 1873 2408 malum,

974 2416 1132 2456 elongans
1144 2429 1163 2450 a
1181 2421 1266 2451 malo
1286 2423 1449 2461 rancoris;
1468 2427 1499 2455 et
1522 2425 1646 2466 luctus,
1663 2430 1750 2461 elon·
1777 2442 1780 2444 ·

974 2479 1056 2509 gans
1078 2482 1096 2503 a
1120 2474 1204 2505 malo
1227 2475 1367 2506 libidinis
1391 2479 1422 2508 et
1444 2478 1610 2518 languoris
1634 2492 1750 2515 concu-

973 2525 1175 2564 piscentialis.
1206 2528 1287 2565 Quia
1308 2539 1384 2561 vero
1407 2533 1563 2571 perfectus
1584 2545 1751 2575 processus

973 2577 1007 2608 in
1021 2578 1105 2611 bono
1123 2581 1296 2613 attenditur
1311 2584 1487 2616 secundum
1511 2587 1653 2620 divinam
1676 2591 1749 2621 imi-

971 2632 1123 2664 tationem
1134 2659 1141 2673 ,
1156 2637 1203 2665 et¹
1222 2636 1383 2669 universoe
1401 2639 1464 2670 vice
1476 2640 1610 2674 Domini
1624 2645 1749 2676 miseri-

970 2686 1079 2718 cordia
1095 2691 1123 2720 ετ
1137 2690 1261 2722 veritas
1272 2699 1284 2729 ;
1298 2690 1374 2721 binc
1387 2694 1448 2731 est,
1470 2695 1555 2733 quod
1572 2696 1689 2736 duplex
1703 2702 1749 2730 est
