2003 3037
62 2285 142 2305 Notula

64 2317 152 2342 triplex.

727 172 842 206 PART.
867 172 919 204 111.
943 170 1052 205 SECT.
1076 170 1167 203 LVll.

143 249 212 280 tum
226 247 271 279 est
284 245 323 278 de
335 253 379 284 se,
397 244 519 286 supple.
535 242 625 275 Unde
640 241 667 272 si
676 241 749 282 quis
758 240 922 281 cognoscit

143 300 313 332 mulierem
322 324 330 338 ,
346 299 482 331 efficitur
501 296 606 329 affinis
619 295 771 327 omnibus
785 304 920 326 consan-

146 353 275 393 guineis
285 352 440 392 mulieris,
455 353 486 383 et
495 361 512 382 e
524 351 646 382 contra.
659 348 805 380 Secundo
817 348 923 379 differt

144 406 228 437 inter
254 406 442 437 affinitatem
465 412 584 444 genus,
615 404 646 434 et
674 401 813 442 gradus:
842 400 923 431 Nam

145 469 249 500 genus
264 459 436 491 attenditur
450 466 546 499 penes
561 455 827 498 plurificationem
841 463 924 485 com-

146 513 311 544 mixtionis
321 512 441 550 carnis3
456 510 577 551 gradus
588 518 676 547 vero,
690 517 731 540 ex
745 509 834 549 parte
848 516 924 538 san-

147 566 258 606 guinis
269 568 300 598 et
314 564 554 606 propagationis
570 573 577 594 :
595 564 724 604 propter
744 561 830 602 quod
844 561 926 592 dice-

146 620 242 651 batur
255 619 447 660 antiquitus:

206 701 286 725 Mutat
299 700 379 731 nupta
394 705 485 730 genus,
500 698 546 723 sed
560 698 682 730 generata
695 696 811 728 gradum.

189 781 288 812 Erant
308 780 396 811 enim
418 779 581 820 quondam
601 779 662 810 tria
680 787 800 818 genera
822 776 926 808 affini-

149 835 233 865 tatis.
263 834 409 865 Primum
432 835 500 865 erat
518 842 559 864 ex
580 832 878 872 consanguinitate,
897 832 928 861 et

150 888 256 928 prima
283 888 388 918 carnis
415 887 656 918 commixtione.
681 885 777 917 Verbi
800 885 905 925 gratia
919 895 926 914 :

152 941 183 972 Si
200 942 295 972 frater
305 943 384 979 tuus
399 940 559 971 contraxit
571 949 644 970 cum
663 938 778 976 Maria,
794 939 849 969 illa
863 942 930 970 erat

151 995 208 1026 tihi
224 995 329 1026 affinis
345 995 380 1025 in
394 994 499 1034 primo
514 1002 643 1033 genere.
660 992 844 1024 Secundum
863 997 931 1023 erat

152 1058 192 1079 ex
205 1048 357 1079 affinitate
372 1050 402 1078 et
417 1046 556 1078 secunda
571 1045 676 1077 carnis
686 1045 928 1076 commixtIOne:

151 1103 188 1132 ut
198 1100 225 1131 si
237 1100 347 1139 Maria,
357 1102 485 1131 mortuo
497 1100 594 1130 fratre
609 1100 676 1137 tuo,
687 1098 847 1129 contraxit
856 1107 931 1129 cum

153 1154 299 1192 Martino,
312 1154 380 1194 ipse
395 1155 462 1184 erat
474 1153 533 1183 tibi
550 1152 654 1183 affinis
667 1151 702 1182 in
717 1151 857 1183 secundo
874 1161 933 1191 ge-

153 1217 240 1239 nere.
256 1207 401 1238 Tertium
421 1208 489 1237 erat
509 1215 549 1237 ex
563 1205 703 1237 secunda
717 1205 870 1236 affinitate
880 1230 888 1244 ,
903 1208 934 1236 et

153 1261 246 1292 tertia
260 1261 365 1291 carnis
382 1259 627 1291 commixtione:
650 1260 703 1296 ut,
719 1258 746 1288 si
766 1258 932 1298 Martinus,

155 1314 304 1345 defuncta
317 1313 427 1352 Maria,
442 1312 601 1344 contraxit
614 1320 688 1342 cum
703 1311 850 1349 Guillota‚
866 1312 935 1351 ipsa

156 1367 293 1399 Guillota
307 1369 375 1398 erat
395 1366 453 1397 tibi
468 1365 572 1396 affinis
587 1365 619 1395 in
642 1364 736 1395 tertio
753 1373 883 1403 genere.
899 1364 936 1395 Et

155 1421 200 1452 sic
224 1423 325 1460 nupta
347 1419 493 1450 mutabat
518 1426 635 1457 genus.
660 1417 816 1448 Gen'erata
842 1426 934 1455 vero,

157 1474 225 1505 sive
246 1475 439 1514 propagata,
463 1472 607 1503 mutabat
628 1471 787 1510 gradum:
808 1480 884 1501 nam
909 1471 935 1500 si

158 1526 274 1564 Maria,
290 1528 418 1557 mortuo
432 1526 527 1556 fratre
542 1526 615 1562 tuo,
630 1533 671 1555 ex
686 1523 822 1554 Martino
836 1524 936 1554 filiam

158 1583 352 1620 generasset,
368 1579 422 1610 illa
436 1579 503 1609 filia
514 1578 626 1609 suisset
640 1578 697 1608 tibi
713 1577 817 1608 affinis
834 1577 868 1607 in
885 1586 934 1608 se—

159 1633 263 1664 cundo
287 1633 408 1673 gradu,
433 1632 525 1672 quasi
544 1631 664 1671 neptis,
687 1633 719 1661 et
740 1640 806 1661 non
828 1631 862 1661 in
887 1640 936 1661 se-

160 1687 264 1718 cundo
288 1695 418 1726 genere.
440 1685 540 1716 Hodie
561 1693 638 1715 vero
657 1686 780 1715 cessant
802 1684 855 1714 illa
877 1685 939 1715 tria

162 1749 293 1779 genera,
305 1742 422 1780 praeter
437 1739 595 1779 primum;
612 1740 643 1769 et
657 1738 722 1768 filia
736 1740 887 1777 generata
898 1747 939 1769 ex

159 1795 296 1832 cognata
313 1795 370 1823 tua
393 1801 434 1822 ex
456 1791 520 1822 alio
541 1791 612 1822 viro
634 1791 714 1822 1111111
734 1791 858 1822 dicetur
882 1792 939 1822 tibi

160 1846 305 1877 attinere.
322 1844 361 1875 Et
373 1845 417 1875 sic
438 1844 532 1875 tertio
546 1844 669 1883 differt,
692 1846 805 1876 utrum
821 1845 938 1876 muller

161 1899 266 1930 affinis
285 1900 419 1938 generet
436 1907 475 1929 ex
495 1898 751 1937 consanguineo,
766 1898 817 1929 vel
832 1900 938 1929 extra-

162 1961 233 1983 neo.
246 1951 325 1982 Nam
338 1952 365 1982 si
380 1953 512 1991 generet
521 1960 563 1982 ex
572 1951 822 1990 consanguineo,
835 1951 941 1991 proles

164 2006 274 2045 genita
295 2006 408 2036 attinet
425 2005 482 2036 tibi
505 2005 609 2045 gradu
632 2005 940 2045 consanguinitatis;

163 2059 190 2089 si
205 2068 281 2090 vero
296 2068 337 2089 ex
351 2060 515 2097 extraneo,
527 2059 640 2089 attinet
648 2058 706 2089 tibi
719 2059 822 2098 proles
833 2059 943 2098 genita

166 2112 271 2150 gradu
291 2112 469 2150 affinitatis,
495 2114 530 2142 ut
555 2112 677 2142 dictum
697 2115 745 2142 est
764 2113 943 2143 secundum

165 2166 240 2204 ,iura
254 2165 401 2204 antiqua;
417 2165 594 2195 secundum
605 2173 681 2195 vero
692 2166 768 2205 jura
777 2166 943 2203 moderna,

169 2217 250 2248 nihil
266 2218 321 2249 tihi
337 2217 448 2248 attinet
461 2217 565 2257 proles
578 2217 642 2248 ina.
812 2206 815 2209 “

211 2270 266 2301 Η15
283 2271 370 2308 visis,
382 2273 446 2301 tres
461 2270 579 2301 notulae
593 2272 668 2301 sunt
684 2271 853 2310 ponendae:
870 2280 946 2310 qua-

171 2333 245 2355 rum
264 2324 368 2363 prima
383 2326 445 2362 est,
462 2324 547 2364 quod
566 2324 600 2354 111
619 2324 724 2364 primo
740 2333 860 2363 genere
873 2324 946 2354 3111-

171 2377 293 2416 nitatis,
310 2386 374 2408 non
390 2377 461 2408 licet
475 2377 663 2408 contrahere
677 2387 779 2417 usque
794 2378 834 2408 ad
848 2387 946 2417 quar-

173 2433 240 2461 tum
258 2431 394 2469 gradum
416 2430 588 2469 inclusive,
610 2431 691 2461 sicut
712 2434 743 2461 ct
759 2431 796 2462 de
811 2440 946 2462 consan-

172 2483 328 2522 guinitate
338 2484 465 2514 dicitur.
478 2483 511 2514 Si
521 2486 629 2514 autem
643 2486 796 2524 quartum
809 2485 947 2523 gradum

172 2536 250 2567 velis
270 2545 462 2576 agnoscere,
478 2546 607 2568 recurre
627 2537 666 2568 ad
689 2546 858 2577 personam
879 2547 947 2569 me-

152 2645 156 2647 ,
207 2618 211 2629 ·
233 2616 298 2640 Nota.
315 2618 400 2640 tamen
420 2617 487 2648 quod
512 2624 544 2641 ex
567 2617 670 2642 decreto
687 2617 788 2641 concilii
806 2618 948 2643 Tridentini

173 2651 202 2675 de
224 2652 405 2681 Reformatione
422 2653 589 2683 matrimonii,
604 2660 668 2677 sess.
686 2659 759 2684 xxiv,
776 2661 799 2677 c.
818 2660 853 2683 ιν,
868 2654 947 2679 3111111-

1694 169 1749 199 431

975 238 1083 270 diante
1101 247 1166 278 qua
1183 237 1320 268 affinitas
1340 238 1387 267 est
1408 237 1586 273 contracta·‚
1607 237 1638 266 et
1656 236 1754 274 quoto

977 292 1082 332 gradu
1096 291 1190 322 distat
1201 290 1240 321 ab
1253 289 1317 326 iila,
1331 292 1418 320 tanto
1432 288 1536 328 gradu
1545 288 1638 319 distat
1653 297 1672 318 a
1686 297 1754 328 per-

976 355 1071 384 sona,
1093 344 1144 375 cui
1162 345 1209 375 est
1228 343 1334 374 affinis
1350 353 1356 372 :
1379 344 1415 372 ut
1434 342 1459 371 si
1482 342 1667 372 contraxisti
1683 351 1756 372 cum

978 398 1123 437 muliere,
1139 398 1240 428 factus
1253 405 1287 427 es
1303 396 1407 426 affinis
1423 395 1670 433 consanguineis
1688 404 1758 425 mu-

977 452 1082 490 lieris;
1099 453 1130 482 et
1144 453 1243 491 quoto
1260 450 1364 489 gradu
1380 448 1495 488 aliquis
1510 449 1557 479 est
1571 448 1760 487 consangui-

978 514 1060 537 neus
1082 503 1227 536 mulieris
1252 504 1332 541 tuae,
1352 504 1417 533 toto
1437 501 1540 541 gradu
1556 503 1603 531 cst
1620 501 1675 531 tibi
1692 501 1762 532 affi-

979 559 1049 597 nis;
1068 561 1098 590 et
1113 558 1139 589 si
1154 557 1267 589 attinet
1287 556 1347 587 sibi
1370 556 1405 586 in
1427 557 1542 595 quarto
1563 555 1667 594 gradu
1682 564 1760 586 con-

979 611 1224 652 sanguinitatiS,
1252 610 1365 641 attinet
1384 609 1440 640 tibi
1465 609 1498 639 in
1520 610 1634 649 quarto
1658 608 1761 648 gradu

980 666 1155 697 affinitatis.
1173 665 1211 696 Et
1231 664 1314 695 sicut
1327 672 1394 694 non
1408 662 1480 693 licet
1495 662 1589 693 uxori
1604 663 1669 692 tuae
1685 671 1760 692 con-

980 721 1108 752 trahere
1128 730 1203 752 cum
1228 719 1297 758 tali,
1315 719 1359 749 ita
1377 727 1436 749 nec
1457 717 1526 749 tibi.
1543 716 1688 748 Secunda
1703 718 1761 753 est,

981 775 1068 815 quod
1083 784 1124 805 ex
1142 782 1207 814 quo
1222 772 1361 804 affinitas
1380 774 1428 802 est
1445 772 1621 809 contracta,
1636 773 1765 801 mortua

982 837 1119 869 persona
1135 826 1294 858 mediante
1309 835 1373 865 qua
1387 826 1433 856 est
1447 826 1608 855 contracta
1618 848 1625 861 ‚
1643 823 1763 854 nihilo-

983 883 1091 913 minus
1109 882 1231 919 manet,
1253 879 1330 920 quia
1347 878 1427 909 sicut
1446 877 1614 909 vinculum
1630 886 1763 908 consan-

984 935 1150 975 guinitatis
1173 935 1220 964 est
1241 934 1449 973 perpetuum,
1473 931 1518 962 sic
1539 931 1635 962 etiam
1657 930 1765 961 affini-

983 989 1068 1020 tatis.
1089 988 1195 1019 Tertia
1218 989 1283 1024 est,
1304 986 1389 1026 quod
1414 985 1550 1016 affinitas
1570 993 1634 1015 non
1660 985 1764 1015 solum

984 1042 1186 1073 contrahitur
1213 1050 1270 1081 per
1302 1040 1424 1071 coitum
1454 1038 1656 1078 conjugalem
1668 1063 1676 1076 ,
1713 1038 1767 1069 sed

985 1096 1081 1127 etiam
1101 1104 1158 1136 per
1176 1094 1417 1125 fornicatorium
1431 1095 1453 1124 ¹.

1240 1201 1390 1236 SECTIO
1414 1201 1514 1236 LVII.

1203 1285 1241 1311 De
1265 1284 1421 1319 coyvtatz'one
1445 1283 1559 1318 triplici.

1031 1361 1182 1402 Sequitur
1202 1361 1310 1393 videre
1325 1361 1363 1391 de
1378 1360 1570 1400 cognatione
1588 1371 1595 1391 ε
1613 1368 1686 1400 quae
1706 1359 1772 1390 dis-

990 1416 1154 1455 tinguitur
1170 1415 1304 1455 triplex,
1322 1414 1441 1445 scilicet
1456 1414 1604 1452 carnalis,
1620 1413 1773 1454 spiritua-

991 1469 1041 1507 lis,
1058 1471 1089 1500 et
1103 1469 1224 1508 legalis.
1252 1470 1296 1499 De
1309 1468 1446 1507 singulis
1462 1468 1636 1499 videndum
1651 1469 1698 1497 est
1718 1475 1774 1506 per

992 1523 1149 1554 ordinem.
1166 1522 1204 1553 Et
1223 1522 1328 1562 primo
1351 1522 1390 1552 de
1414 1521 1550 1559 carnali,
1573 1521 1655 1551 circa
1677 1529 1774 1560 quam

993 1577 1097 1616 primo
1120 1576 1266 1616 ponenda
1291 1577 1338 1606 est
1362 1575 1477 1615 triplex
1502 1575 1661 1606 diffinitiO.
1688 1574 1775 1613 Ergo

993 1630 1167 1661 videndum
1180 1631 1227 1660 est
1240 1629 1317 1669 quid
1328 1629 1368 1659 sit
1379 1629 1655 1668 consanguinitas,
1668 1630 1698 1658 et
1709 1637 1773 1667 quo

994 1684 1089 1715 modo
1118 1683 1284 1714 diffinitur.
1318 1683 1464 1714 Secundo
1494 1681 1701 1722 adjungenda
1728 1683 1775 1712 est

994 1738 1111 1778 triplex
1126 1737 1247 1768 notula.

1036 1790 1143 1822 Primo
1158 1790 1423 1830 consanguinitas
1444 1792 1491 1820 est
1512 1789 1679 1820 vinculum
1701 1798 1772 1829 per·
1796 1801 1891 1820 consau-

1787 1831 1891 1857 guinitas.

995 1852 1148 1874 sonarum
1172 1844 1212 1874 ab
1234 1844 1346 1874 eodem
1368 1843 1472 1882 stipite
1496 1842 1771 1879 descendentium,

996 1897 1114 1928 carnali
1135 1896 1368 1937 propagatione
1393 1897 1604 1926 contractum.
1630 1895 1775 1926 Secundo
1816 1907 1891 1927 Linea.

997 1950 1171 1982 videndum
1186 1952 1248 1988 est,
1266 1950 1343 1990 quid
1359 1950 1399 1980 sit
1418 1949 1521 1980 linea:
1545 1948 1644 1980 Linea
1661 1951 1708 1980 est
1722 1958 1777 1979 or—

997 2005 1105 2036 dinata
1117 2004 1258 2035 collectio
1274 2013 1485 2044 personarum
1498 2003 1778 2042 consanguinitate

999 2058 1260 2097 conjunctarum,
1277 2057 1318 2088 ab
1333 2057 1444 2088 eodem
1462 2057 1568 2097 stipite
1582 2057 1777 2087 descenden-

999 2112 1100 2149 tium,
1122 2111 1265 2142 diversos
1292 2111 1412 2150 gradus
1436 2111 1614 2141 continens
1641 2110 1678 2140 Et
1704 2110 1779 2149 quia

1000 2164 1077 2194 ordo
1096 2166 1197 2203 potest
1217 2164 1337 2194 attendi
1359 2165 1518 2203 quantum
1533 2163 1573 2193 ad
1588 2163 1619 2193 id
1634 2164 1718 2203 quod
1734 2166 1780 2193 est

1000 2225 1116 2255 supra,
1138 2216 1188 2246 vel
1210 2216 1250 2246 ad
1272 2216 1304 2246 id
1328 2216 1413 2255 quod
1435 2218 1482 2246 est
1504 2216 1601 2254 infra,
1618 2216 1668 2246 vel
1687 2216 1726 2245 ad
1749 2216 1780 2246 id

1001 2269 1087 2310 quod
1117 2272 1163 2299 est
1187 2270 1301 2308 Juxta3
1335 2271 1399 2299 tres
1427 2268 1519 2299 lineae
1548 2268 1753 2308 assignentur
1771 2280 1777 2299 :

1002 2323 1151 2364 quaedam
1168 2323 1423 2361 ascendentium,
1441 2323 1475 2353 in
1490 2332 1554 2363 qua
1569 2325 1644 2353 sunt
1660 2323 1781 2362 gradus

1002 2379 1054 2408 isti
1070 2389 1077 2409 :
1101 2380 1190 2418 pater
1209 2380 1240 2408 et
1259 2380 1372 2416 mater,
1393 2387 1472 2408 avus
1487 2380 1518 2408 et
1534 2377 1621 2415 avia,
1643 2387 1782 2417 proavus

1003 2435 1034 2462 et
1048 2431 1194 2471 proavia,
1211 2431 1333 2462 abavus
1349 2434 1380 2461 et
1394 2431 1519 2468 abavia,
1537 2433 1651 2462 atavus
1665 2434 1695 2461 et
1711 2433 1780 2461 ata-

1003 2486 1071 2523 via;
1100 2484 1249 2524 quaedam
1275 2486 1322 2515 est
1348 2484 1625 2522 descendentium,
1656 2485 1688 2514 111
1714 2493 1779 2524 qua

1004 2540 1079 2569 sunt
1092 2537 1178 2568 filius
1193 2540 1225 2569 et
1238 2537 1321 2576 filia,
1337 2546 1436 2577 nepos
1450 2540 1481 2569 et
1494 2538 1608 2578 neptis,
1622 2546 1780 2578 pronepos

1003 2621 1041 2643 tas
1056 2625 1087 2642 ex
1106 2617 1273 2642 fornicatione
1293 2617 1324 2641 ad
1343 2617 1485 2642 secundum
1508 2618 1615 2648 gradum
1633 2617 1708 2641 hodie
1728 2623 1781 2639 res-

1004 2654 1132 2685 tringitur.
