2003 3037
715 198 766 230 DE
788 197 917 230 STATU
939 194 1097 229 FlNALIS
1118 195 1266 228 JUDlClI.

182 262 283 295 Deum
305 264 350 295 sic
371 264 508 305 diligent
529 267 595 297 toto
614 265 725 304 corde,
749 267 815 297 tota
837 267 960 304 mente,

182 318 249 348 tota
259 317 377 357 anima,
399 320 435 349 ut
449 319 556 350 tamen
569 320 674 350 totum
689 327 754 358 cor,
771 320 838 350 tota
856 327 958 358 mens,

182 372 248 402 tota
261 371 369 402 anima
381 380 445 403 non
461 372 596 403 sufficiat
609 372 758 412 dignitati
772 372 959 412 dilectioni5‚

183 425 324 465 profecto
357 425 402 456 sic
435 426 624 466 gaudebunt
656 426 722 457 toto
751 427 845 458 corde
858 451 865 465 ‚
896 429 962 458 tota

183 480 305 517 mente,
330 480 397 510 tota
422 479 546 518 anima,
571 481 608 510 ut
633 481 741 511 tamen
766 483 870 512 totum
894 490 961 520 cor,

182 533 249 563 tota
263 540 365 570 mens,
382 533 447 563 tota
459 532 567 564 anima
586 542 652 564 non
670 533 807 565 sufficiat
821 534 959 575 plenitu-

182 585 249 616 dini
265 585 389 626 gaudii.

227 649 242 668 α
257 643 268 659 ²
283 638 435 671 Nondum
452 648 544 679 ergo,
560 639 707 680 Domine,
731 640 798 671 dixi
812 643 868 672 aut
882 650 960 681 cog-

181 692 275 732 novi,
301 694 458 734 quantum
490 693 679 732 gaudebunt
702 693 747 724 illi
773 694 857 725 beati
888 695 934 725 tui
951 705 957 725 :

182 746 292 786 utique
312 747 439 777 tantum
463 746 669 786 gaudebunt,
695 748 854 788 quantum
869 757 961 779 ama-

183 799 277 838 bunt3
291 801 414 831 tantum
426 801 756 841 amabunt,quantum
768 805 962 841 cognoscent

183 854 222 884 te.
236 853 399 891 Quantum
410 849 604 894 cognoscent
615 857 656 893 te,
668 857 699 886 et
709 857 866 895 quantum
876 865 962 887 ama-

182 908 263 938 bunt
279 909 328 938 te?
349 909 438 939 Certe
459 916 515 940 nec
539 909 649 941 oculus
671 908 774 948 vidie,
790 918 846 941 nec
869 911 961 942 auris

182 960 324 1000 audivit,
340 970 397 993 nec
411 963 448 994 ἰἠ
467 969 519 994 cor
534 962 675 995 hominis
691 963 837 995 ascendit
849 963 884 994 in
901 964 961 995 hac

182 1015 260 1054 vita,
276 1018 433 1056 quantum
446 1018 476 1047 te
490 1019 695 1056 cognoscent,
714 1019 744 1048 et
757 1017 912 1049 amabunt
926 1018 961 1048 in

182 1068 236 1100 illa
251 1069 326 1100 vita.
339 1069 411 1108 Oro,
423 1070 518 1108 Deus,
535 1079 728 1110 cognoscam
738 1072 779 1110 te,
794 1080 901 1102 amem
916 1073 958 1109 te,

182 1124 219 1154 ut
233 1123 391 1163 gaudeam
401 1126 432 1155 te
447 1134 453 1154 :
467 1126 497 1155 et
510 1124 536 1155 si
550 1133 615 1156 non
631 1134 760 1165 possum
775 1125 816 1156 ad
828 1125 959 1166 plenum

183 1177 215 1207 in
229 1177 289 1208 hac
306 1177 380 1216 vila,
397 1180 432 1209 ut
446 1178 609 1219 proficiam
625 1179 658 1209 in
673 1178 750 1217 dies,
767 1188 870 1220 usque
882 1179 960 1211 dum

217 1241 223 1257 ¹
239 1240 362 1272 Anselm,
379 1240 467 1269 Prosl..
483 1248 505 1265 c.
522 1247 594 1265 xxw.

1741 196 1801 227 343

1019 263 1127 295 veniat
1141 263 1219 295 illud
1239 263 1277 294 ad
1293 263 1444 304 plenum;
1462 262 1607 304 proficiat
1631 262 1684 294 hic
1699 262 1733 293 in
1747 270 1800 294 me

1017 317 1129 348 notitia
1140 317 1199 356 tui,
1216 318 1247 348 et
1261 316 1304 348 ibi
1315 317 1371 348 flat
1385 317 1494 358 plena;
1511 318 1630 348 crescat
1643 316 1697 348 hic
1708 324 1800 348 amor

1016 371 1092 403 tuus
1106 394 1116 409 ,
1141 372 1173 402 et
1199 370 1244 402 ibi
1264 370 1320 401 fiat
1343 370 1481 411 plenus3
1507 372 1543 402 ut
1563 370 1616 402 hic
1641 370 1798 410 gaudium

1017 433 1127 455 meum
1150 424 1190 455 sit
1213 424 1247 454 in
1270 433 1324 464 spe
1345 432 1519 463 magnum,
1541 425 1572 455 et
1595 423 1638 454 ibi
1654 423 1695 455 sit
1716 423 1748 454 in
1764 432 1798 454 re

1018 476 1159 517 plenum.
1187 477 1340 516 Domine,
1366 486 1423 517 per
1444 476 1563 508 Filium
1580 478 1672 508 tuum
1683 476 1796 516 jubes,

1016 530 1082 561 imo
1094 530 1233 562 consulis
1244 532 1362 571 petere,
1379 531 1411 561 ct
1425 531 1582 571 promittis
1596 530 1751 571 accipere,
1763 532 1800 561 ut

1016 585 1174 624 gaudium
1189 587 1336 616 nostrum
1356 584 1488 625 plenum
1511 585 1563 616 sit.
1587 584 1669 616 Deus
1684 593 1796 623 verax,

1017 641 1098 679 peto,
1116 639 1284 680 accipiam,
1308 640 1345 669 ut
1359 638 1515 678 gaudium
1537 647 1647 669 meum
1666 637 1798 678 plenum

1016 693 1067 724 sit.
1092 693 1184 732 Peto,
1210 693 1362 728 Domine,
1388 692 1475 733 quod
1496 701 1552 733 per
1575 692 1797 724 admirabilem

1016 746 1237 778 consiliarium
1253 748 1400 778 nostrum
1425 746 1586 785 consulis;
1616 745 1771 786 accipiam
1787 770 1794 784 ‚

1016 800 1101 840 quod
1117 800 1274 840 promittis
1291 808 1347 840 per
1362 799 1529 831 veritatem
1545 801 1646 837 tuam,
1663 801 1699 830 ut
1714 808 1797 838 gau-

1016 853 1107 884 dium
1134 863 1246 884 meum
1275 853 1407 894 plenum
1437 853 1488 884 sit.
1520 852 1690 884 Meditetur
1713 853 1795 884 inte-

1016 907 1078 938 rim
1097 907 1170 938 inde
1193 916 1282 938 mens
1306 916 1393 944 mea,
1418 907 1571 948 loquatur
1586 906 1659 937 inde
1681 906 1798 946 lingua

1017 970 1099 1001 mea,
1115 963 1203 992 amet
1217 961 1294 992 illud
1309 970 1364 992 cor
1379 970 1501 999 meum,
1517 960 1747 991 sermocinetur
1761 968 1797 991 os

1017 1024 1138 1054 meum,
1165 1015 1285 1046 esuriat
1300 1014 1379 1046 illud
1393 1014 1501 1045 anima
1515 1023 1604 1053 mea,
1625 1013 1709 1045 sitiat
1723 1022 1797 1044 caro

1016 1078 1105 1107 mea,
1120 1069 1278 1100 desideret
1300 1070 1367 1100 tota
1387 1068 1564 1099 substantia
1585 1076 1675 1105 mea,
1691 1067 1797 1110 ‚donec

1016 1124 1132 1154 intrem
1148 1123 1181 1153 in
1193 1122 1354 1162 gaudium
1369 1122 1497 1153 Domini
1511 1121 1588 1161 mei,
1604 1122 1661 1162 qui
1676 1123 1723 1153 est
1737 1121 1797 1152 tri-

1015 1186 1079 1209 nus
1100 1179 1132 1208 et
1145 1186 1231 1208 unus
1245 1176 1327 1208 Deus
1342 1176 1527 1208 benedictus
1548 1175 1582 1206 in
1603 1175 1721 1206 saecula
1735 1184 1796 1206 sae-

1016 1231 1174 1263 culorum.
1190 1231 1305 1262 Amen.
1322 1241 1336 1259 υ
