2003 3037
659 159 706 191 DE
728 158 921 191 MEDICINA
942 157 1265 192 SAGRAMENTALI.

159 237 270 260 camus
293 228 508 268 septiformem
532 235 677 268 pugnam
701 226 855 258 vitiorum
882 235 934 258 ca-

159 281 304 322 pitalium
320 305 329 320 ,
355 284 386 313 et
409 280 634 322 perveniamus
654 279 695 311 ad
716 279 936 320 septiformem

158 343 308 367 coronam
343 335 453 367 dotum
487 333 702 374 gloriosarum
722 357 730 372 ,
761 333 936 374 adjuvante

1712 163 1767 193 3¹¹

991 226 1202 258 nihilominus
1216 229 1392 269 septiformi
1415 229 1572 261 medicina
1586 237 1770 261 sacramen-

991 281 1097 311 torum
1121 280 1276 312 divinitus
1304 282 1343 314 ad
1373 282 1605 324 reparationem
1633 282 1770 314 humani

993 333 1122 372 generis
1140 335 1344 366 statutorum.

769 594 965 646 SEXTA
1007 594 1156 646 PARS

907 724 937 742 IN
959 724 1021 746 QUA

428 823 497 860 DE
534 821 798 861 MEDICINA
834 820 1256 861 SACRAMENTALI
1292 821 1497 862 AGITUR

905 938 1024 945 -—

367 1034 509 1068 CAPUT
534 1034 718 1067 PRIMUM.

294 1119 332 1144 De
358 1118 591 1145 Sacramentorum
617 1117 653 1153 (α)
679 1118 792 1151 origine.

198 1194 366 1236 Postquam
384 1199 490 1227 actum
502 1198 549 1227 est
561 1196 599 1227 de
614 1195 755 1227 trinitate
771 1195 806 1235 (b)
820 1194 885 1233 Dei,
895 1194 934 1225 de

157 1251 304 1280 creatura
328 1251 439 1281 mundi
452 1274 461 1288 ,
486 1250 524 1281 de
546 1250 726 1290 corruptela
740 1249 878 1290 peccati,
895 1247 934 1278 de

158 1303 375 1335 incarnatione
400 1304 512 1342 Verbi,
545 1306 575 1334 et
599 1304 636 1334 de
664 1304 768 1343 gratia
796 1303 933 1343 Spiritus

146 1358 276 1395 .sancti;
300 1359 367 1398 jam
396 1367 481 1388 nunc
509 1360 598 1388 sexto
628 1357 793 1397 agendum
821 1359 868 1388 est
895 1357 934 1388 de

159 1411 315 1442 medicina
329 1411 560 1449 sacramentali.
576 1410 662 1442 Circa
677 1420 776 1451 quam
791 1411 933 1442 conside-

65 1471 143 1496 Pwvo-
158 1465 258 1496 randa
279 1467 355 1496 sunt
376 1467 495 1505 septem
514 1465 697 1504 :agendum
719 1468 765 1496 est
787 1465 872 1495 enim
896 1465 934 1496 de

63 1500 113 1520 sitio

41 1531 141 1558 agendo-

47 1569 95 1582 rum
111 1563 132 1582 iu

59 1596 120 1614 sexta

59 1628 139 1676 tssffflffw
157 1626 241 1657 tione
255 1650 264 1664 ,
280 1629 310 1656 et
328 1626 583 1666 uniuscujusque
598 1626 795 1665 integritate.
813 1626 855 1657 De
868 1627 934 1657 ori-

37 1687 89 1714 quii.

157 1521 430 1549 sacramentorum
453 1518 581 1558 origine
603 1543 610 1556 ‚
636 1519 813 1549 varlatione
833 1543 841 1557 ,
868 1519 931 1549 dis-

156 1572 322 1610 tinctione,
340 1572 553 1610 institutione,
571 1572 822 1612 dispensatione,
841 1572 934 1602 itera-

159 1679 234 1719 gine
255 1680 356 1718 igitur
378 1681 650 1710 sacramentorum
674 1679 735 1710 hoc
757 1680 933 1710 tenendum

158 1735 221 1771 est,
239 1733 325 1772 quod
344 1735 543 1764 sacramenta
557 1735 632 1764 sunt
655 1733 749 1773 signa
772 1734 934 1764 sensibilia

157 1786 313 1817 divinitus
336 1787 482 1818 instituta
506 1789 659 1827 tanquam
681 1787 931 1826 medicamenta,

157 1840 191 1870 in
202 1840 319 1880 quibus
333 1840 391 1871 sub
407 1842 595 1880 tegumento
609 1849 719 1871 rerum
730 1840 932 1871 sensibilium

157 1893 267 1924 divina
288 1893 392 1925 virtus
415 1894 566 1925 secretius
591 1896 741 1934 operatur
757 1905 763 1924 :
782 1895 826 1925 ita
848 1895 933 1935 quod

156 1947 225 1986 ipsa
239 1956 280 1978 ex
295 1947 502 1978 similitudine
521 1947 658 1978 naturali
677 1950 910 1988 repraesentant
924 1973 932 1987 ‚

157 2010 196 2032 ex
211 2001 407 2032 institutione
420 2001 616 2040 significant,
629 2010 670 2032 ex
685 2001 935 2033 sanctificatione

157 2055 324 2086 conserunt
340 2055 481 2094 aliquam
496 2055 692 2094 spiritualem
709 2056 861 2094 gratiam,
878 2066 935 2097 per

157 2117 255 2147 quam
270 2108 378 2138 anima
390 2109 520 2138 curatur
535 2108 574 2138 ab
589 2108 831 2139 infirmitatibus
845 2109 936 2140 vilio-

158 2169 231 2191 rum
247 2185 258 2199 ,
286 2163 317 2191 et
343 2161 382 2191 ad
411 2161 471 2191 hoc
501 2161 714 2200 principaliter
742 2163 935 2194 ordinantur

158 2216 314 2254 tanquam
336 2213 376 2244 ad
394 2214 491 2244 finem
507 2213 677 2252 ultimum3
695 2214 803 2245 valent
827 2217 936 2246 tamen

159 2268 198 2299 ad
212 2268 469 2298 humiliationem
481 2292 489 2306 ,
506 2268 718 2299 eruditionem
734 2271 764 2299 et
780 2270 935 2300 exercita-

159 2322 278 2353 tionem
289 2346 296 2360 ,
313 2322 394 2352 sicut
410 2321 448 2352 ad
466 2322 564 2352 finem
580 2322 635 2362 qui
650 2324 695 2352 est
712 2322 773 2353 sub
790 2323 864 2353 fine.

201 2375 292 2406 Ratio
310 2377 417 2405 autem
441 2375 479 2405 ad
505 2375 750 2415 intelligentiam
765 2376 937 2415 praedicto-

160 2439 232 2459 rum
263 2429 332 2459 haec
360 2430 406 2459 est
430 2439 436 2458 :
462 2428 538 2468 quia
562 2429 757 2469 principium
782 2431 937 2470 reparati-

161 2492 238 2513 vum
251 2506 258 2519 ,
274 2482 359 2522 quod
375 2484 422 2512 est
437 2482 581 2512 Christus
594 2483 781 2521 crucifixus,
796 2483 937 2515 Verbum

163 2535 280 2565 scilicet
296 2535 515 2574 incarnatum,
533 2535 615 2575 quod
632 2537 864 2576 sapientissime
879 2538 939 2569 dis-

164 2590 276 2628 pensat
290 2589 398 2620 omnia
411 2613 418 2627 ,
437 2589 513 2628 quia
529 2590 696 2629 divinum3
715 2592 745 2621 et
761 2591 939 2622 clementis-

197 2650 231 2679 (ιι)
248 2650 304 2674 Cael.
322 2651 381 2674 edit.
398 2652 590 2676 Sacrwnmlali.
603 2665 632 2670 —
648 2652 680 2683 (b)
693 2653 781 2684 Suppl.
799 2654 821 2677 iu
834 2654 938 2679 unitate.

990 1034 1070 1064 sime
1089 1036 1197 1072 curat,
1217 1034 1294 1074 quia
1312 1034 1468 1066 divinitus
1482 1035 1706 1074 incarnatum;
1725 1036 1770 1067 sic

990 1088 1083 1119 debet
1106 1097 1254 1128 reparare
1270 1090 1301 1119 et
1323 1088 1448 1120 salvare
1466 1089 1648 1120 humanum
1665 1099 1772 1129 genus

991 1145 1152 1182 aegrotum
1173 1167 1180 1181 ‚
1211 1143 1386 1174 secundum
1413 1143 1500 1184 quod
1529 1143 1681 1183 competit
1710 1143 1771 1184 ipsi

991 1197 1160 1235 aegrolanti
1180 1221 1187 1235 ‚
1217 1196 1403 1236 aegritudini
1428 1198 1459 1228 et
1482 1197 1639 1228 occasioni
1664 1206 1771 1237 aegro—

991 1250 1096 1288 tandi,
1115 1252 1146 1280 et
1164 1250 1264 1290 ipsius
1287 1251 1489 1290 aegritudinis
1514 1251 1684 1282 curationi.
1703 1250 1771 1292 lpse

991 1306 1100 1335 autem
1129 1304 1272 1336 medicus
1302 1307 1348 1335 est
1375 1304 1518 1336 Verbum
1544 1305 1768 1344 incarnatum,

991 1358 1074 1389 Deus
1098 1358 1214 1389 scilicet
1240 1358 1410 1389 invisibilis
1437 1359 1467 1389 in
1497 1360 1613 1389 natura
1638 1358 1768 1390 visibili.

992 1411 1095 1443 Homo
1120 1414 1283 1451 aegrotans
1306 1415 1352 1442 est
1375 1420 1441 1442 non
1466 1414 1592 1443 tantum
1615 1412 1768 1452 spiritus,

991 1474 1050 1496 nec
1082 1468 1210 1496 tantum
1239 1475 1312 1496 caro
1332 1489 1341 1503 ,
1371 1465 1425 1496 sed
1453 1466 1582 1504 spiritus
1613 1466 1645 1496 in
1674 1475 1770 1497 carne

992 1519 1129 1550 mortali.
1147 1519 1276 1549 Morbus
1290 1521 1399 1550 autem
1414 1521 1461 1550 est
1475 1519 1642 1559 originalis
1659 1520 1767 1560 culpa,

991 1581 1064 1612 quae
1081 1582 1137 1613 per
1151 1573 1369 1612 ignorantiam
1384 1573 1485 1603 inficit
1497 1574 1637 1604 mentem
1649 1597 1656 1611 ,
1669 1574 1700 1604 et
1713 1582 1770 1613 per

991 1626 1283 1667 concupiscentiam
1306 1626 1408 1657 inficit
1431 1635 1572 1657 carnem.
1591 1625 1688 1666 Origo
1710 1636 1768 1658 au-

991 1682 1055 1711 tem
1079 1681 1178 1720 huJus
1203 1680 1320 1720 culpfe,
1337 1680 1411 1711 lieet
1436 1680 1653 1720 principaliter
1674 1681 1769 1712 fuerit

991 1743 1031 1764 ex
1060 1743 1218 1765 consensu
1245 1733 1379 1764 rationis
1396 1758 1404 1773 ‚
1436 1733 1636 1764 occasionem
1661 1735 1769 1764 tamen

991 1788 1128 1828 sumpsit
1150 1797 1168 1818 a
1191 1787 1336 1818 sensibus
1367 1787 1482 1818 carniS.
1511 1787 1559 1818 Ad
1583 1787 1644 1818 hoc
1668 1796 1768 1827 ergo,

992 1841 1077 1882 quod
1090 1841 1245 1872 medicina
1259 1841 1511 1881 correspondens
1526 1843 1606 1872 esset
1621 1841 1771 1872 omnibus

992 1895 1198 1935 supradictis,
1215 1894 1356 1935 oportuit
1379 1894 1465 1934 quod
1487 1903 1554 1925 non
1576 1896 1702 1925 tantum
1717 1904 1771 1925 es-

992 1951 1039 1980 set
1055 1948 1244 1989 spiritualis,
1261 1957 1377 1980 verum
1392 1948 1488 1979 etiam
1505 1947 1626 1989 aliquid
1638 1947 1771 1979 haberet

992 2003 1031 2034 de
1046 2002 1249 2034 sensibilibus
1272 2002 1378 2042 signis
1394 2013 1401 2034 :
1419 2003 1455 2033 ut
1476 2002 1556 2033 sicut
1577 2002 1648 2033 haec
1671 2002 1772 2034 sensi-

992 2056 1069 2087 bilia
1096 2055 1228 2087 fucrunt
1254 2056 1372 2086 animae
1401 2056 1524 2087 occasio
1554 2056 1700 2095 labendi,
1729 2056 1772 2087 ita

993 2111 1096 2140 essent
1116 2109 1145 2140 ei
1160 2109 1282 2140 occasio
1304 2109 1509 2148 resurgendi.
1530 2109 1689 2146 Quoniam
1709 2109 1771 2149 igi-

992 2165 1046 2194 tur
1072 2163 1167 2202 signa
1191 2162 1370 2201 sensibilia,
1399 2165 1557 2203 quantum
1581 2164 1628 2194 est
1652 2163 1690 2194 de
1715 2172 1769 2202 se,

993 2226 1058 2248 non
1071 2217 1190 2248 habent
1205 2217 1365 2248 efficacem
1380 2217 1616 2248 ordinationem
1637 2217 1676 2248 ad
1695 2226 1772 2257 gra-

996 2271 1070 2301 tiam
1082 2294 1091 2308 ,
1108 2270 1182 2301 licet
1197 2270 1336 2300 habeant
1357 2269 1572 2310 longinquam
1592 2279 1769 2311 repraesen-

994 2324 1147 2355 tationem
1164 2324 1202 2354 de
1216 2324 1265 2354 sui
1279 2325 1410 2360 nalura3
1428 2323 1504 2354 hinc
1519 2325 1566 2354 est
1581 2325 1666 2365 quod
1681 2333 1772 2366 opor-

995 2378 1056 2409 tuit
1071 2377 1157 2417 quod
1178 2377 1218 2407 ab
1235 2377 1372 2407 Auctore
1392 2376 1508 2416 gratiae
1530 2377 1774 2409 instituerentur

996 2431 1037 2462 ad
1070 2430 1320 2470 significandum
1340 2454 1350 2468 ,
1379 2432 1410 2461 et
1437 2430 1701 2462 benedicerentur
1734 2430 1773 2463 ad

996 2484 1260 2515 sanctificandum
1281 2494 1287 2514 :
1306 2486 1342 2514 ut
1369 2484 1414 2514 sic
1437 2486 1542 2515 essent
1565 2494 1606 2516 ex
1635 2485 1773 2516 naturali

997 2538 1207 2569 similitudine
1237 2536 1497 2577 repraesenlantia
1514 2549 1521 2575 ;
1552 2546 1592 2568 ex
1624 2538 1774 2578 adjuncta

998 2592 1197 2624 institutione
1233 2590 1473 2630 significantia;
1503 2600 1543 2622 ex
1572 2591 1774 2632 superaddita

999 2645 1218 2677 benedictione
1243 2643 1472 2675 sanctificantia
1486 2668 1495 2683 ,
1519 2646 1549 2676 et
1571 2645 1610 2676 ad
1635 2646 1774 2683 gratiam

1814 2124 1893 2142 Sacra-

1787 2154 1887 2173 mentum

1787 2190 1826 2204 cui·
1845 2189 1894 2204 sen-

1787 2214 1850 2235 sibile
1861 2214 1891 2234 si-

1787 2251 1864 2273 gnum.
