2003 3037
91 1681 160 1706 signi-

58 1712 135 1731 contin,

185 222 245 252 ⁴22

185 289 234 319 est
247 288 456 320 conversivus
467 289 498 319 et
508 288 703 329 operativus,
719 290 871 329 operatur
879 289 964 322 circa

185 340 395 372 substantiam
415 341 508 381 panis
524 352 531 372 :
548 341 619 372 ideo
636 350 815 382 pronomen
827 341 961 373 demon-

185 395 263 424 strat
289 394 500 426 substantiam
533 395 625 435 panis
655 395 716 426 sub
744 395 961 428 accidentibus

184 454 258 486 quae
282 447 379 487 aspici
403 450 537 488 possunt
559 448 678 487 oculis3
704 450 736 480 et
761 449 908 488 tangitur
929 449 962 480 id

184 500 270 540 quod
287 501 486 533 convertitur
497 510 555 542 per
568 502 761 542 subjectum,
775 503 857 534 sicut
874 503 912 542 (a)
929 502 961 533 id

183 552 217 583 in
236 553 323 594 quod
343 554 540 586 convertitur
559 564 616 595 per
639 555 857 596 praedicatum.
881 554 962 592 Quia

183 615 261 638 vero
284 607 441 639 terminus
462 608 654 649 operationis
668 611 715 640 est
735 618 792 640 ens
805 611 879 640 actu
895 617 960 640 non

183 659 389 698 innovatum,
405 661 498 693 debet
510 661 553 692 ibi
569 661 643 702 poni
662 661 799 693 verbum
816 662 958 701 essendi,

183 722 247 744 non
264 713 372 745 fiendi.
397 713 478 751 Quia
497 724 574 746 vero
593 715 698 746 subito
719 715 755 745 fit
776 715 959 754 conversio,

182 766 226 797 ita
239 766 325 806 quod
340 767 438 798 simul
453 770 501 799 est
511 768 594 807 fieri,
605 770 637 799 et
650 768 768 799 sactum
784 777 872 806 esse;
890 769 960 800 ideo

181 828 322 859 praesens
346 820 483 852 verbum
506 822 766 861 instantaneum‚
785 831 850 854 non
872 823 959 854 futu·

182 882 253 903 rum
278 873 322 904 ibi
347 875 494 914 ponitur,
512 877 558 907 est
581 875 719 913 scilicet,
743 878 774 906 et
797 884 862 907 non
885 877 958 909 erit.

181 925 262 964 Quia
286 936 364 958 vero
389 928 530 968 operatio
558 928 749 960 terminatur
771 929 812 960 ad
843 938 960 969 corpus

180 987 314 1018 verum,
331 982 367 1012 ut
386 983 434 1011 est
457 981 590 1021 signum
607 982 749 1022 corporis
765 983 910 1022 mystici,
926 983 958 1014 in

179 1041 244 1072 quo
258 1035 305 1064 est
320 1033 488 1065 diversitas
501 1035 736 1075 operationum,
753 1035 871 1066 dicitur
886 1044 958 1068 cor-

177 1094 251 1126 pus,
272 1090 303 1118 et
317 1096 381 1118 non
405 1095 479 1120 caro
496 1098 503 1119 :
524 1088 601 1128 quia
624 1097 738 1128 corpus
762 1091 810 1119 est
831 1089 956 1120 hetero-

179 1148 337 1179 geneum,
362 1150 424 1171 non
442 1141 700 1181 homogeueum;
718 1151 791 1172 caro
805 1151 883 1173 vero
898 1143 956 1174 ho-

180 1201 349 1232 mogenea.
366 1194 446 1230 Quia
461 1203 537 1225 vero
552 1195 621 1225 haec
632 1195 773 1234 operatio
788 1195 823 1225 tlt
836 1196 956 1227 virtute

179 1245 273 1277 Verbi
285 1247 415 1277 increati
427 1247 567 1287 adjssncti
580 1247 630 1287 (b),
642 1250 673 1279 et
687 1251 717 1279 ut
730 1249 892 1288 conjuncti
904 1251 954 1289 (c),

178 1299 293 1330 dicitur
316 1307 436 1337 meum,
462 1309 524 1331 non
551 1301 583 1330 in
606 1309 741 1340 persona
764 1301 954 1340 sacerdotis,

179 1353 232 1384 sed
247 1352 360 1384 Christi
376 1353 489 1392 Verbi,
506 1354 625 1385 scilicet
639 1355 780 1386 increati.
798 1355 954 1392 Quoniam

176 1409 283 1437 autem
303 1407 448 1438 minister
467 1407 547 1438 nihil
571 1411 722 1448 operatur
745 1409 828 1440 circa
851 1413 954 1441 mate-

175 1459 274 1497 riam,
298 1469 355 1496 nec
378 1461 541 1499 immutat;
563 1461 632 1492 ideo
654 1462 733 1493 nihil
757 1463 827 1503 plus
847 1466 893 1494 est
916 1465 955 1495 de

177 1513 288 1543 forma.
318 1513 405 1544 Unde
432 1514 459 1544 si
487 1515 630 1545 minister
656 1524 714 1545 nec
738 1518 868 1555 tangat,
896 1527 954 1548 nec

177 1566 324 1605 frangat,
349 1567 523 1598 dummodo
540 1577 723 1599 consecrare
748 1569 904 1607 intendat,
921 1573 953 1601 et

178 1620 275 1650 verba
289 1620 386 1658 dicat,
403 1622 583 1651 consectum
599 1624 655 1652 est.

217 1671 379 1709 Quantum
402 1674 438 1703 ad
463 1674 731 1713 significationem
757 1678 843 1713 tene,
870 1677 955 1716 quod

177 1727 209 1757 in
226 1727 285 1757 hoc
301 1731 498 1758 sacramento
513 1731 559 1759 est
574 1728 658 1759 aliud
671 1731 797 1759 tantum
811 1729 953 1769 signum,

178 1783 215 1811 ut
231 1780 352 1820 specics
372 1781 506 1811 visibilis
526 1782 615 1820 panis
635 1784 665 1812 et
681 1781 765 1819 vini;
785 1782 871 1812 aliud
887 1785 956 1813 tan-

178 1836 247 1863 tum
263 1842 329 1871 reS,
351 1836 387 1863 ut
406 1843 522 1874 corpus
539 1834 651 1865 Christi
669 1836 854 1874 mysticum3
871 1836 957 1867 aliud

179 1895 229 1916 res
257 1889 287 1917 et
312 1887 460 1926 signum,
483 1890 518 1918 ut
544 1896 658 1927 corpus
684 1888 797 1918 Christi
822 1898 955 1928 verum,

180 1940 264 1979 quod
280 1943 327 1971 est
347 1949 397 1972 res
415 1941 541 1979 signata
562 1950 618 1980 per
633 1950 747 1980 panem
764 1951 803 1972 ex
826 1942 959 1973 diversis

181 1993 291 2031 granis
306 1993 502 2030 consectum,
520 1996 552 2024 et
572 1995 704 2033 sanguis
720 2004 775 2034 per
790 1996 903 2026 vinum
919 2006 959 2027 ex

181 2046 316 2076 diversis
332 2047 466 2077 racemis
482 2056 680 2086 expressum,
698 2051 729 2077 et
742 2048 874 2086 signum
889 2058 959 2079 cor-

182 2100 268 2138 poris
289 2100 425 2139 mystici.
447 2100 526 2137 Quia
548 2101 633 2130 enim
649 2110 765 2140 corpus
781 2104 884 2140 partes
900 2102 959 2133 ha-

183 2152 236 2181 het
259 2151 504 2191 heterogeneaS,
527 2153 670 2183 diversas
697 2154 894 2193 operationes
925 2155 958 2185 in

836 220 1142 261 GENTILOQUIUM.

1018 290 1136 322 ditione
1155 291 1286 324 fuerunt
1301 303 1309 324 :
1329 301 1405 333 quae
1424 293 1556 324 fixerunt
1573 301 1710 333 persona
1726 296 1792 326 tra-
1812 286 1814 288 ¹

1016 343 1090 382 diti;
1101 352 1236 384 persona
1245 345 1398 377 tradentis
1409 346 1518 384 Judae;
1529 355 1674 386 personae
1686 356 1794 379 emen-

1016 396 1114 436 tium,
1136 406 1211 438 quae
1233 398 1364 430 fuerunt
1379 401 1459 437 tres,
1475 399 1594 431 scilicet
1608 400 1790 440 pontifices,

1015 449 1129 481 scribae
1145 452 1177 482 et
1189 450 1349 491 pharisaei.
1368 451 1402 482 ln
1415 452 1508 483 tertia
1522 452 1591 484 vice
1603 452 1687 492 duae,
1700 462 1792 494 prop-

1016 504 1064 533 ter
1095 503 1256 544 duplicem
1284 505 1526 536 conversionem
1559 506 1694 546 duplicis
1727 507 1790 538 ele-

1016 556 1136 595 menti,
1154 557 1272 589 scilicet
1287 557 1377 598 panis
1397 561 1428 589 et
1443 558 1524 590 vini.
1543 559 1578 590 ln
1592 562 1708 599 quarta
1722 560 1792 591 vice

1014 609 1099 640 fiunt
1117 610 1277 650 quinque,
1293 613 1421 652 propter
1440 611 1585 652 quinque
1608 611 1731 652 plagas.
1755 611 1791 643 In

1017 663 1130 703 quinta
1143 663 1213 695 vice
1226 664 1311 695 fiunt
1321 664 1394 696 duae
1405 688 1413 703 ,
1428 667 1558 706 propter
1576 665 1704 696 vincula
1718 666 1789 706 qui-

1017 716 1078 747 bus
1091 716 1150 748 suit
1163 717 1301 756 ligatum
1319 726 1449 757 corpus,
1465 720 1496 749 et
1515 721 1643 758 propter
1664 718 1792 758 flagella

1016 770 1136 810 quibus
1145 779 1247 810 usque
1258 770 1297 801 ad
1308 770 1500 810 sanguinem
1509 771 1568 802 suit
1577 771 1788 811 flagellatum.

1016 822 1050 853 ln
1064 825 1154 854 sexta
1176 823 1243 854 vice
1263 823 1346 853 fiunt
1365 825 1445 862 tres,
1461 826 1589 864 propter
1608 825 1790 856 crucifixio·

1014 885 1089 908 nem
1103 876 1217 907 factam
1232 876 1356 915 linguis
1370 875 1558 908 Judaeorum
1571 901 1578 915 ,
1601 878 1730 918 quando
1743 881 1792 909 ter

1014 930 1233 960 clamaverunt
1256 940 1262 959 :
1295 929 1465 970 crucifige.
1497 929 1531 961 ln
1561 931 1696 970 septima
1723 931 1791 962 vice

1014 982 1095 1013 fiunt
1110 985 1173 1014 tres
1192 991 1302 1014 cruces
1320 983 1359 1014 de
1380 992 1512 1023 corpore
1527 992 1625 1024 super
1639 984 1768 1015 calicem
1779 1008 1789 1023 ,

1014 1038 1141 1076 propter
1156 1038 1221 1066 tres
1235 1036 1412 1074 cruciatus,
1428 1036 1545 1067 scilicet
1564 1037 1788 1076 propassionis,

1013 1089 1181 1129 passionis,
1203 1091 1234 1119 et
1257 1089 1499 1129 compassionis;
1520 1092 1550 1120 et
1575 1089 1648 1121 duae
1669 1090 1788 1130 aiterae,

1013 1145 1139 1182 propter
1151 1151 1268 1182 aquam
1283 1145 1314 1173 et
1327 1142 1520 1182 sanguinem
1530 1166 1540 1180 ‚
1556 1152 1630 1183 quae
1643 1143 1682 1174 de
1697 1144 1787 1175 Chri-

1013 1196 1052 1227 sti
1068 1196 1165 1227 latere
1182 1196 1416 1236 profluxerunt.

1053 1248 1122 1279 Duo
1137 1251 1245 1280 autem
1267 1251 1341 1279 sunt
1365 1248 1450 1280 modi
1474 1249 1686 1281 manducandi
1711 1250 1790 1282 illud

1013 1305 1261 1340 sacramentum,
1276 1302 1392 1333 scilicet
1404 1303 1643 1334 sacramentalis
1657 1305 1688 1334 et
1702 1304 1792 1344 spiri-

1011 1356 1122 1394 tualis,
1154 1365 1294 1396 quorum
1318 1356 1476 1387 distinctio
1501 1356 1604 1387 oritur
1629 1366 1648 1387 a
1675 1357 1790 1398 triplici

1011 1410 1182 1449 principio:
1201 1409 1304 1449 primo
1318 1419 1337 1440 a
1352 1409 1558 1450 dispositione
1574 1411 1789 1442 sumentium:

1010 1463 1142 1503 quidam
1157 1462 1244 1493 enim
1260 1462 1414 1493 accedunt
1438 1463 1520 1493 male
1535 1463 1699 1503 dispositi,
1716 1464 1792 1494 ethi

1011 1516 1207 1547 manducant
1226 1514 1514 1553 sacramentalite1·;
1538 1516 1669 1556 quidam
1692 1516 1790 1548 bene,

1011 1574 1041 1602 et
1065 1571 1100 1601 hi
1126 1569 1352 1609 spiritualiter,
1374 1570 1406 1599 et
1428 1568 1708 1600 sacramentaliter.
1735 1569 1791 1601 Se-

1011 1623 1134 1661 cundo,
1152 1632 1171 1653 a
1193 1621 1288 1652 modo
1305 1621 1452 1652 sumendi
1467 1631 1473 1651 :
1493 1622 1625 1661 quidam
1641 1622 1726 1653 enim
1742 1632 1792 1654 su-

1013 1678 1107 1707 munt
1134 1684 1188 1706 ore
1217 1674 1341 1711 carnis,
1372 1676 1403 1704 et
1432 1673 1465 1704 hi
1496 1675 1768 1706 sacramentaliter
1783 1685 1790 1713 ;

1014 1729 1144 1769 quidam
1163 1736 1218 1758 ore
1233 1726 1352 1763 cordiS,
1368 1728 1399 1757 et
1415 1726 1447 1756 hi
1470 1727 1687 1766 spiritualiter.
1705 1727 1793 1759 Unde

1014 1781 1131 1821 duplex
1161 1789 1215 1818 os,
1240 1779 1358 1819 duplex
1383 1779 1596 1811 manducatio.
1623 1779 1744 1819 Tertio,
1774 1790 1793 1812 a

1015 1825 1141 1874 duplici'
1156 1842 1189 1864 re
1215 1833 1315 1872 hujus
1339 1833 1556 1863 sacramenti:
1578 1833 1651 1864 duae
1675 1834 1792 1874 quippe

1015 1890 1089 1919 sunt
1117 1887 1278 1918 esssentiae
1305 1886 1404 1925 hujus
1435 1887 1646 1924 sacramenti,
1676 1887 1794 1918 scilicet

1017 1950 1130 1981 corpus
1145 1940 1261 1971 Christi
1283 1948 1397 1970 verum
1409 1963 1417 1977 ‚
1434 1942 1464 1969 et
1479 1939 1583 1978 gratia
1605 1939 1637 1969 in
1662 1948 1793 1979 corpore

1017 1995 1149 2034 mystico
1167 1993 1282 2024 faciens
1300 1992 1469 2030 unionem,
1487 2001 1624 2031 quarum
1647 2002 1712 2023 una
1725 1994 1792 2024 siue

1016 2049 1115 2079 altera
1128 2049 1211 2078 sumi
1229 2048 1340 2086 potest.
1365 2045 1553 2076 manducare
1569 2049 1675 2076 autem
1690 2056 1792 2077 sacra-

1017 2101 1197 2132 mentaliter
1209 2123 1218 2137 ,
1235 2102 1281 2130 est
1297 2098 1491 2129 manducare
1506 2101 1740 2129 sacramentum
1757 2102 1792 2130 ut

1016 2157 1262 2186 sacramentum.
1298 2152 1345 2183 Ad
1383 2152 1467 2191 quod
1506 2154 1644 2191 quatuor
1679 2153 1791 2192 requi-

1016 2210 1154 2239 runtur:
1185 2206 1245 2237 cibi
1274 2205 1459 2241 existentia;
1490 2205 1559 2244 ejus
1586 2204 1625 2235 ad
1652 2205 1790 2235 cibatum

1819 1260 1912 1281 Mandu·

1806 1291 1871 1312 catio.

184 2204 321 2235 Ecclesia
338 2205 507 2243 significat.

85 2263 168 2295 wirrae-
226 2258 259 2287 ln
273 2258 333 2288 hoc
348 2261 546 2289 sacramento
559 2259 594 2289 fit
607 2261 843 2298 repraesentatio
858 2260 960 2292 Domi-

64 2293 164 2312 Eemmm'
184 2311 264 2340 niem
290 2312 456 2350 passionis.
491 2311 578 2342 Unde
601 2312 683 2342 fiunt
711 2313 959 2351 significationes

1016 2261 1170 2292 naturalis
1190 2258 1430 2295 convenientia,
1454 2260 1489 2288 ut
1513 2258 1628 2288 scilicet
1647 2262 1791 2290 sumatur

1016 2316 1056 2346 ab
1071 2314 1220 2349 homine,
1236 2321 1300 2342 non
1320 2321 1339 2341 a
1359 2319 1466 2347 mure;
1488 2311 1622 2341 intentio
1635 2335 1642 2347 ,
1659 2314 1690 2341 et
1704 2311 1790 2342 illius

1017 2366 1200 2398 intentionis
1221 2364 1380 2403 regulatio
1403 2372 1459 2403 per
1482 2362 1588 2393 fidem.
1613 2363 1789 2402 Spiritualis

1017 2419 1218 2452 manducatio
1239 2418 1335 2448 habet
1352 2416 1432 2454 duo,
1454 2416 1571 2446 scilicet
1590 2425 1597 2445 ε
1622 2425 1679 2446 suo
1695 2416 1788 2447 modo

79 2331 168 2351 llitusin

69 2362 164 2410 “21:3¹3ss
183 2365 305 2402 septem
327 2363 466 2401 vicibus,
490 2366 618 2404 propter
638 2365 817 2404 passionem
835 2367 958 2399 Domini

67 2407 148 2445 mas.
183 2416 435 2455 exprimendam.
455 2417 561 2447 Prima
577 2418 644 2448 vire
658 2418 739 2448 fiunt
753 2421 816 2449 tres
830 2423 958 2460 propter

183 2469 299 2499 trinam
324 2469 436 2499 Christi
458 2470 661 2501 traditionem
672 2495 680 2508 ,
697 2471 811 2502 scilicet
835 2482 853 2503 a
878 2473 955 2512 Deo,

181 2521 272 2560 Juda‚
291 2526 321 2553 et
335 2522 456 2553 Judaeo.
480 2523 514 2553 ln
530 2524 667 2554 secunda
684 2524 751 2555 vice
766 2526 847 2556 fiunt
863 2527 956 2566 quin-

182 2584 257 2614 que,
273 2578 401 2615 propter
417 2576 558 2615 quinque
574 2585 739 2615 personas,
755 2587 829 2617 quae
846 2579 879 2610 in
893 2582 957 2610 tra-

215 2654 249 2684 (a)
266 2655 316 2678 (ἰαί
341 2655 400 2678 edil.
420 2655 477 2678 wid.
498 2655 522 2678 in
535 2668 563 2672 —
580 2655 613 2683 (ὁ)
631 2656 690 2680 Caet.
708 2657 766 2680 edil.
785 2658 911 2688 adjuncta.
927 2673 956 2677 —

185 2690 212 2718 qe)
230 2691 289 2713 Item
302 2690 445 2720 conjunctu.

1015 2473 1277 2508 masticationem,
1289 2478 1362 2509 quae
1376 2469 1516 2500 consistit
1530 2469 1562 2498 in
1571 2469 1787 2508 recognitione

1015 2528 1091 2564 cibi,
1112 2526 1227 2556 scilicet
1246 2522 1350 2553 carnis
1371 2521 1484 2553 Christi
1504 2529 1560 2559 pro
1580 2521 1671 2551 nobis
1692 2531 1787 2561 expo-

1015 2581 1083 2610 sitae
1103 2580 1135 2609 in
1158 2577 1297 2617 pretium
1321 2573 1544 2613 redemptionis
1563 2576 1593 2603 et
1615 2574 1721 2605 cibum
1736 2585 1787 2606 re-

1014 2632 1170 2669 sectionis3
1185 2630 1280 2661 habet
1291 2629 1386 2659 etiam
1399 2627 1696 2666 incorporationem,
1713 2638 1785 2669 quae

1015 2684 1181 2723 consurgit
1199 2692 1238 2714 ex
1260 2681 1313 2712 tali
1333 2679 1575 2718 recogitatione,
1600 2680 1676 2710 dum
1697 2691 1783 2713 reco-
