<?xml version="1.0" encoding="UTF-8"?>
<!DOCTYPE html PUBLIC "-//W3C//DTD XHTML 1.0 Transitional//EN"
    "http://www.w3.org/TR/xhtml1/DTD/xhtml1-transitional.dtd">
<html xmlns="http://www.w3.org/1999/xhtml" xml:lang="en" lang="en">
 <head>
  <title>
</title>
<meta http-equiv="Content-Type" content="text/html;charset=utf-8" />
  <meta name='ocr-system' content='tesseract 3.04.00' />
  <meta name='ocr-capabilities' content='ocr_page ocr_carea ocr_par ocr_line ocrx_word'/>
</head>
<body>
  <div class='ocr_page' id='page_1' title='image "./operaomniasixtiv07bonauoft/operaomniasixtiv07bonauoft_0291.png"; bbox 0 0 2003 3037; ppageno 0'>
   <div class='ocr_carea' id='block_1_1' title="bbox 0 0 41 1534">
    <p class='ocr_par' dir='ltr' id='par_1_1' title="bbox 0 0 41 1534">
     <span class='ocr_line' id='line_1_1' title="bbox 0 0 41 1534; baseline 0 0"><span class='ocrx_word' id='word_1_1' title='bbox 0 0 41 1534; x_wconf 95' lang='lat' dir='ltr'> </span> 
     </span>
    </p>
   </div>
   <div class='ocr_carea' id='block_1_2' title="bbox 531 197 1479 233">
    <p class='ocr_par' dir='ltr' id='par_1_2' title="bbox 531 197 1479 233">
     <span class='ocr_line' id='line_1_2' title="bbox 531 197 1479 233; baseline 0.003 -3"><span class='ocrx_word' id='word_1_2' title='bbox 531 198 582 231; x_wconf 87' lang='lat' dir='ltr'>DE</span> <span class='ocrx_word' id='word_1_3' title='bbox 603 198 821 231; x_wconf 76' lang='lat' dir='ltr'>TRINITATE</span> <span class='ocrx_word' id='word_1_4' title='bbox 844 197 1110 231; x_wconf 81' lang='lat' dir='ltr'><strong>PERSONARUM</strong></span> <span class='ocrx_word' id='word_1_5' title='bbox 1135 198 1184 230; x_wconf 74' lang='lat' dir='ltr'>ET</span> <span class='ocrx_word' id='word_1_6' title='bbox 1207 199 1380 232; x_wconf 76' lang='lat' dir='ltr'>UNlTATE</span> <span class='ocrx_word' id='word_1_7' title='bbox 1404 201 1479 233; x_wconf 81' lang='lat' dir='ltr'>DE1.</span> 
     </span>
    </p>
   </div>
   <div class='ocr_carea' id='block_1_3' title="bbox 99 266 1000 1059">
    <p class='ocr_par' dir='ltr' id='par_1_3' title="bbox 99 266 1000 1059">
     <span class='ocr_line' id='line_1_3' title="bbox 113 266 998 308; baseline -0.002 -9"><span class='ocrx_word' id='word_1_8' title='bbox 113 269 194 293; x_wconf 75' lang='lat' dir='ltr'>Volun-</span> <span class='ocrx_word' id='word_1_9' title='bbox 221 267 308 299; x_wconf 86' lang='lat' dir='ltr'>cuim</span> <span class='ocrx_word' id='word_1_10' title='bbox 336 266 446 299; x_wconf 85' lang='lat' dir='ltr'>divina</span> <span class='ocrx_word' id='word_1_11' title='bbox 474 266 646 306; x_wconf 83' lang='lat' dir='ltr'>voluntas,</span> <span class='ocrx_word' id='word_1_12' title='bbox 672 275 746 308; x_wconf 84' lang='lat' dir='ltr'>quae</span> <span class='ocrx_word' id='word_1_13' title='bbox 772 268 819 298; x_wconf 87' lang='lat' dir='ltr'>est</span> <span class='ocrx_word' id='word_1_14' title='bbox 849 266 998 298; x_wconf 87' lang='lat' dir='ltr'>voluntas</span> 
     </span>
     <span class='ocr_line' id='line_1_4' title="bbox 101 302 995 362; baseline -0.002 -9"><span class='ocrx_word' id='word_1_15' title='bbox 101 302 208 360; x_wconf 54' lang='lat' dir='ltr'>ussii&#39;eei&#39;ii‘</span> <span class='ocrx_word' id='word_1_16' title='bbox 221 321 428 362; x_wconf 80' lang='lat' dir='ltr'>beneplaciti,</span> <span class='ocrx_word' id='word_1_17' title='bbox 451 329 509 362; x_wconf 88' lang='lat' dir='ltr'>per</span> <span class='ocrx_word' id='word_1_18' title='bbox 531 320 729 352; x_wconf 81' lang='lat' dir='ltr'>voluntatem</span> <span class='ocrx_word' id='word_1_19' title='bbox 751 320 859 360; x_wconf 83' lang='lat' dir='ltr'>signi,</span> <span class='ocrx_word' id='word_1_20' title='bbox 883 329 995 352; x_wconf 90' lang='lat' dir='ltr'>secun-</span> 
     </span>
     <span class='ocr_line' id='line_1_5' title="bbox 101 370 998 420; baseline 0.001 -16"><span class='ocrx_word' id='word_1_21' title='bbox 101 370 205 420; x_wconf 47' lang='lat'>1522&amp;</span> <span class='ocrx_word' id='word_1_22' title='bbox 221 375 298 406; x_wconf 75' lang='lat' dir='ltr'>«lum</span> <span class='ocrx_word' id='word_1_23' title='bbox 320 375 465 415; x_wconf 88' lang='lat' dir='ltr'>quinque</span> <span class='ocrx_word' id='word_1_24' title='bbox 487 373 681 405; x_wconf 83' lang='lat' dir='ltr'>differentias</span> <span class='ocrx_word' id='word_1_25' title='bbox 706 373 875 414; x_wconf 81' lang='lat' dir='ltr'>signorum</span> <span class='ocrx_word' id='word_1_26' title='bbox 890 398 897 411; x_wconf 94' lang='lat'>,</span> <span class='ocrx_word' id='word_1_27' title='bbox 923 382 998 415; x_wconf 84' lang='lat' dir='ltr'>quae</span> 
     </span>
     <span class='ocr_line' id='line_1_6' title="bbox 99 427 998 471; baseline -0.002 -10"><span class='ocrx_word' id='word_1_28' title='bbox 99 427 161 466; x_wconf 48' lang='lat' dir='ltr'>⁹⁵8¹st</span> <span class='ocrx_word' id='word_1_29' title='bbox 180 431 206 451; x_wconf 59' lang='grc' dir='ltr'>εἰ·</span> <span class='ocrx_word' id='word_1_30' title='bbox 223 431 298 461; x_wconf 84' lang='lat' dir='ltr'>sunt</span> <span class='ocrx_word' id='word_1_31' title='bbox 311 429 482 471; x_wconf 83' lang='lat' dir='ltr'>praeceptio</span> <span class='ocrx_word' id='word_1_32' title='bbox 493 454 502 468; x_wconf 87' lang='lat'>‚</span> <span class='ocrx_word' id='word_1_33' title='bbox 518 427 711 470; x_wconf 87' lang='lat' dir='ltr'>prohibitio,</span> <span class='ocrx_word' id='word_1_34' title='bbox 730 429 918 468; x_wconf 89' lang='lat' dir='ltr'>consilium,</span> <span class='ocrx_word' id='word_1_35' title='bbox 936 429 998 459; x_wconf 89' lang='lat' dir='ltr'>im-</span> 
     </span>
     <span class='ocr_line' id='line_1_7' title="bbox 110 462 997 524; baseline 0.001 -13"><span class='ocrx_word' id='word_1_36' title='bbox 110 462 198 513; x_wconf 41' lang='lat' dir='ltr'>effic-a-</span> <span class='ocrx_word' id='word_1_37' title='bbox 221 482 334 524; x_wconf 87' lang='lat' dir='ltr'>pletio,</span> <span class='ocrx_word' id='word_1_38' title='bbox 361 483 528 524; x_wconf 74' lang='lat' dir='ltr'><strong>permissio</strong></span> <span class='ocrx_word' id='word_1_39' title='bbox 557 493 566 514; x_wconf 89' lang='lat'><strong>:</strong></span> <span class='ocrx_word' id='word_1_40' title='bbox 591 483 768 515; x_wconf 88' lang='lat' dir='ltr'>secundum</span> <span class='ocrx_word' id='word_1_41' title='bbox 793 491 868 524; x_wconf 86' lang='lat' dir='ltr'>quae</span> <span class='ocrx_word' id='word_1_42' title='bbox 894 482 997 522; x_wconf 89' lang='lat' dir='ltr'>dispo-</span> 
     </span>
     <span class='ocr_line' id='line_1_8' title="bbox 222 535 998 578; baseline -0.003 -10"><span class='ocrx_word' id='word_1_43' title='bbox 222 539 344 568; x_wconf 88' lang='lat' dir='ltr'>nuntur</span> <span class='ocrx_word' id='word_1_44' title='bbox 361 546 381 568; x_wconf 88' lang='lat' dir='ltr'>a</span> <span class='ocrx_word' id='word_1_45' title='bbox 393 535 558 568; x_wconf 85' lang='lat' dir='ltr'>voluntate</span> <span class='ocrx_word' id='word_1_46' title='bbox 579 536 767 578; x_wconf 78' lang='lat' dir='ltr'>beneplaciti</span> <span class='ocrx_word' id='word_1_47' title='bbox 783 545 998 577; x_wconf 87' lang='lat' dir='ltr'>quaecumque</span> 
     </span>
     <span class='ocr_line' id='line_1_9' title="bbox 220 590 997 628; baseline -0.001 -6"><span class='ocrx_word' id='word_1_48' title='bbox 220 590 255 622; x_wconf 90' lang='lat' dir='ltr'>in</span> <span class='ocrx_word' id='word_1_49' title='bbox 278 591 428 623; x_wconf 87' lang='lat' dir='ltr'>universo</span> <span class='ocrx_word' id='word_1_50' title='bbox 451 590 545 621; x_wconf 84' lang='lat' dir='ltr'>fiunt.</span> <span class='ocrx_word' id='word_1_51' title='bbox 570 590 625 622; x_wconf 86' lang='lat' dir='ltr'>Est</span> <span class='ocrx_word' id='word_1_52' title='bbox 647 590 732 622; x_wconf 90' lang='lat' dir='ltr'>enim</span> <span class='ocrx_word' id='word_1_53' title='bbox 754 590 903 622; x_wconf 82' lang='lat' dir='ltr'>voluntas</span> <span class='ocrx_word' id='word_1_54' title='bbox 923 590 997 628; x_wconf 84' lang='lat' dir='ltr'>Dei,</span> 
     </span>
     <span class='ocr_line' id='line_1_10' title="bbox 220 644 997 685; baseline -0.001 -9"><span class='ocrx_word' id='word_1_55' title='bbox 220 644 324 685; x_wconf 85' lang='lat' dir='ltr'>prima</span> <span class='ocrx_word' id='word_1_56' title='bbox 338 645 369 675; x_wconf 88' lang='lat' dir='ltr'>et</span> <span class='ocrx_word' id='word_1_57' title='bbox 384 652 511 675; x_wconf 85' lang='lat' dir='ltr'>summa</span> <span class='ocrx_word' id='word_1_58' title='bbox 534 653 628 675; x_wconf 87' lang='lat' dir='ltr'>causa</span> <span class='ocrx_word' id='word_1_59' title='bbox 651 645 798 676; x_wconf 90' lang='lat' dir='ltr'>omnium</span> <span class='ocrx_word' id='word_1_60' title='bbox 819 644 997 684; x_wconf 84' lang='lat' dir='ltr'>specierum</span> 
     </span>
     <span class='ocr_line' id='line_1_11' title="bbox 219 696 996 730; baseline -0.003 0"><span class='ocrx_word' id='word_1_61' title='bbox 219 700 250 730; x_wconf 86' lang='lat' dir='ltr'>et</span> <span class='ocrx_word' id='word_1_62' title='bbox 265 697 454 730; x_wconf 83' lang='lat' dir='ltr'>motionum.</span> <span class='ocrx_word' id='word_1_63' title='bbox 472 696 558 728; x_wconf 92' lang='lat' dir='ltr'>Nihil</span> <span class='ocrx_word' id='word_1_64' title='bbox 577 697 663 728; x_wconf 87' lang='lat' dir='ltr'>enim</span> <span class='ocrx_word' id='word_1_65' title='bbox 683 698 719 728; x_wconf 86' lang='lat' dir='ltr'>fit</span> <span class='ocrx_word' id='word_1_66' title='bbox 733 697 858 728; x_wconf 81' lang='lat' dir='ltr'>visibile</span> <span class='ocrx_word' id='word_1_67' title='bbox 877 700 932 728; x_wconf 88' lang='lat' dir='ltr'>aut</span> <span class='ocrx_word' id='word_1_68' title='bbox 953 700 996 728; x_wconf 90' lang='lat' dir='ltr'>in-</span> 
     </span>
     <span class='ocr_line' id='line_1_12' title="bbox 219 750 999 791; baseline 0 -9"><span class='ocrx_word' id='word_1_69' title='bbox 219 750 385 790; x_wconf 85' lang='lat' dir='ltr'>telligibile</span> <span class='ocrx_word' id='word_1_70' title='bbox 400 750 434 781; x_wconf 90' lang='lat' dir='ltr'>in</span> <span class='ocrx_word' id='word_1_71' title='bbox 449 750 508 781; x_wconf 84' lang='lat' dir='ltr'>ista</span> <span class='ocrx_word' id='word_1_72' title='bbox 521 750 619 782; x_wconf 90' lang='lat' dir='ltr'>totius</span> <span class='ocrx_word' id='word_1_73' title='bbox 631 752 786 782; x_wconf 74' lang='lat' dir='ltr'>creaturae</span> <span class='ocrx_word' id='word_1_74' title='bbox 803 751 999 791; x_wconf 87' lang='lat' dir='ltr'>amplissima</span> 
     </span>
     <span class='ocr_line' id='line_1_13' title="bbox 219 804 998 845; baseline 0.003 -10"><span class='ocrx_word' id='word_1_75' title='bbox 219 804 358 845; x_wconf 85' lang='lat' dir='ltr'>quadam</span> <span class='ocrx_word' id='word_1_76' title='bbox 382 804 600 844; x_wconf 87' lang='lat' dir='ltr'>universaque</span> <span class='ocrx_word' id='word_1_77' title='bbox 621 805 802 844; x_wconf 71' lang='lat' dir='ltr'>republica,</span> <span class='ocrx_word' id='word_1_78' title='bbox 825 805 909 845; x_wconf 84' lang='lat' dir='ltr'>quod</span> <span class='ocrx_word' id='word_1_79' title='bbox 934 815 998 837; x_wconf 90' lang='lat' dir='ltr'>non</span> 
     </span>
     <span class='ocr_line' id='line_1_14' title="bbox 219 857 997 899; baseline 0.001 -10"><span class='ocrx_word' id='word_1_80' title='bbox 219 857 258 889; x_wconf 87' lang='lat' dir='ltr'>de</span> <span class='ocrx_word' id='word_1_81' title='bbox 277 857 331 888; x_wconf 84' lang='lat' dir='ltr'>illa</span> <span class='ocrx_word' id='word_1_82' title='bbox 354 857 511 898; x_wconf 87' lang='lat' dir='ltr'>imperiali</span> <span class='ocrx_word' id='word_1_83' title='bbox 535 857 609 889; x_wconf 83' lang='lat' dir='ltr'>aula</span> <span class='ocrx_word' id='word_1_84' title='bbox 631 859 749 889; x_wconf 86' lang='lat' dir='ltr'>summi</span> <span class='ocrx_word' id='word_1_85' title='bbox 775 858 997 899; x_wconf 80' lang='lat' dir='ltr'>imperatoris,</span> 
     </span>
     <span class='ocr_line' id='line_1_15' title="bbox 219 911 998 952; baseline 0.003 -10"><span class='ocrx_word' id='word_1_86' title='bbox 219 913 276 942; x_wconf 82' lang='lat' dir='ltr'>aut</span> <span class='ocrx_word' id='word_1_87' title='bbox 295 911 467 951; x_wconf 79' lang='lat' dir='ltr'>Jubeatur,</span> <span class='ocrx_word' id='word_1_88' title='bbox 496 913 552 943; x_wconf 87' lang='lat' dir='ltr'>aut</span> <span class='ocrx_word' id='word_1_89' title='bbox 574 912 799 952; x_wconf 84' lang='lat' dir='ltr'>permittatur,</span> <span class='ocrx_word' id='word_1_90' title='bbox 822 913 998 945; x_wconf 86' lang='lat' dir='ltr'>secundum</span> 
     </span>
     <span class='ocr_line' id='line_1_16' title="bbox 220 965 1000 1008; baseline 0.004 -12"><span class='ocrx_word' id='word_1_91' title='bbox 220 965 414 996; x_wconf 83' lang='lat' dir='ltr'>ineffabilem</span> <span class='ocrx_word' id='word_1_92' title='bbox 426 966 585 1006; x_wconf 67' lang='lat' dir='ltr'>Justitiam</span> <span class='ocrx_word' id='word_1_93' title='bbox 602 966 811 1006; x_wconf 84' lang='lat' dir='ltr'>praemiorum</span> <span class='ocrx_word' id='word_1_94' title='bbox 827 969 923 1007; x_wconf 77' lang='lat' dir='ltr'>atque</span> <span class='ocrx_word' id='word_1_95' title='bbox 937 977 1000 1008; x_wconf 85' lang='lat' dir='ltr'>poe-</span> 
     </span>
     <span class='ocr_line' id='line_1_17' title="bbox 220 1019 875 1059; baseline 0 -9"><span class='ocrx_word' id='word_1_96' title='bbox 220 1028 336 1051; x_wconf 84' lang='lat' dir='ltr'>narum</span> <span class='ocrx_word' id='word_1_97' title='bbox 347 1043 357 1057; x_wconf 86' lang='grc'>,</span> <span class='ocrx_word' id='word_1_98' title='bbox 371 1019 621 1050; x_wconf 82' lang='lat' dir='ltr'>retributionum</span> <span class='ocrx_word' id='word_1_99' title='bbox 637 1022 668 1050; x_wconf 90' lang='lat' dir='ltr'>et</span> <span class='ocrx_word' id='word_1_100' title='bbox 684 1020 875 1059; x_wconf 83' lang='lat' dir='ltr'>gratiarum.</span> 
     </span>
    </p>
   </div>
   <div class='ocr_carea' id='block_1_4' title="bbox 100 1072 997 1167">
    <p class='ocr_par' dir='ltr' id='par_1_4' title="bbox 100 1072 997 1167">
     <span class='ocr_line' id='line_1_18' title="bbox 120 1072 997 1113; baseline 0.001 -9"><span class='ocrx_word' id='word_1_101' title='bbox 120 1076 198 1112; x_wconf 61' lang='grc' dir='ltr'>Ρτφνῐχ</span> <span class='ocrx_word' id='word_1_102' title='bbox 261 1072 299 1104; x_wconf 88' lang='grc' dir='ltr'>Ε1</span> <span class='ocrx_word' id='word_1_103' title='bbox 320 1073 397 1113; x_wconf 84' lang='lat' dir='ltr'>quia</span> <span class='ocrx_word' id='word_1_104' title='bbox 419 1073 478 1104; x_wconf 88' lang='lat' dir='ltr'>ista</span> <span class='ocrx_word' id='word_1_105' title='bbox 499 1073 667 1111; x_wconf 77' lang='lat' dir='ltr'>voluntas,</span> <span class='ocrx_word' id='word_1_106' title='bbox 684 1073 807 1104; x_wconf 84' lang='lat' dir='ltr'>ratione</span> <span class='ocrx_word' id='word_1_107' title='bbox 831 1074 997 1113; x_wconf 75' lang='lat' dir='ltr'>regulata,</span> 
     </span>
     <span class='ocr_line' id='line_1_19' title="bbox 100 1107 996 1167; baseline -0.002 -7"><span class='ocrx_word' id='word_1_108' title='bbox 100 1107 198 1160; x_wconf 43' lang='lat' dir='ltr'>maffia.</span> <span class='ocrx_word' id='word_1_109' title='bbox 221 1126 336 1157; x_wconf 88' lang='lat' dir='ltr'>dicitur</span> <span class='ocrx_word' id='word_1_110' title='bbox 364 1126 586 1167; x_wconf 82' lang='lat' dir='ltr'>providentia3</span> <span class='ocrx_word' id='word_1_111' title='bbox 607 1126 683 1157; x_wconf 87' lang='lat' dir='ltr'>hinc</span> <span class='ocrx_word' id='word_1_112' title='bbox 700 1127 846 1167; x_wconf 88' lang='lat' dir='ltr'>estquod</span> <span class='ocrx_word' id='word_1_113' title='bbox 869 1129 996 1166; x_wconf 79' lang='lat' dir='ltr'>omnia,</span> 
     </span>
    </p>
   </div>
   <div class='ocr_carea' id='block_1_5' title="bbox 105 1180 1000 2761">
    <p class='ocr_par' dir='ltr' id='par_1_5' title="bbox 105 1180 1000 2761">
     <span class='ocr_line' id='line_1_20' title="bbox 221 1180 1000 1220; baseline 0.003 -10"><span class='ocrx_word' id='word_1_114' title='bbox 221 1188 294 1220; x_wconf 85' lang='lat' dir='ltr'>quae</span> <span class='ocrx_word' id='word_1_115' title='bbox 309 1180 343 1210; x_wconf 89' lang='lat' dir='ltr'>in</span> <span class='ocrx_word' id='word_1_116' title='bbox 360 1180 511 1211; x_wconf 88' lang='lat' dir='ltr'>universo</span> <span class='ocrx_word' id='word_1_117' title='bbox 527 1180 625 1218; x_wconf 86' lang='lat' dir='ltr'>fiunt,</span> <span class='ocrx_word' id='word_1_118' title='bbox 641 1183 785 1219; x_wconf 77' lang='lat' dir='ltr'>aguntur</span> <span class='ocrx_word' id='word_1_119' title='bbox 794 1182 824 1211; x_wconf 84' lang='grc'>81</span> <span class='ocrx_word' id='word_1_120' title='bbox 836 1184 1000 1220; x_wconf 78' lang='lat' dir='ltr'>reguntur</span> 
     </span>
     <span class='ocr_line' id='line_1_21' title="bbox 220 1233 998 1274; baseline 0.003 -10"><span class='ocrx_word' id='word_1_121' title='bbox 220 1233 330 1264; x_wconf 87' lang='lat' dir='ltr'>divina</span> <span class='ocrx_word' id='word_1_122' title='bbox 342 1233 558 1274; x_wconf 83' lang='lat' dir='ltr'>providentia,</span> <span class='ocrx_word' id='word_1_123' title='bbox 573 1242 647 1273; x_wconf 81' lang='lat' dir='ltr'>quae</span> <span class='ocrx_word' id='word_1_124' title='bbox 663 1243 719 1273; x_wconf 86' lang='lat' dir='ltr'>per</span> <span class='ocrx_word' id='word_1_125' title='bbox 734 1235 842 1265; x_wconf 87' lang='lat' dir='ltr'>omnia</span> <span class='ocrx_word' id='word_1_126' title='bbox 858 1237 903 1265; x_wconf 81' lang='lat' dir='ltr'>est</span> <span class='ocrx_word' id='word_1_127' title='bbox 920 1236 998 1267; x_wconf 87' lang='lat' dir='ltr'>irre-</span> 
     </span>
     <span class='ocr_line' id='line_1_22' title="bbox 219 1287 997 1328; baseline 0.003 -10"><span class='ocrx_word' id='word_1_128' title='bbox 219 1287 463 1328; x_wconf 85' lang='lat' dir='ltr'>prehensibilis,</span> <span class='ocrx_word' id='word_1_129' title='bbox 475 1296 547 1327; x_wconf 66' lang='lat' dir='ltr'>quire</span> <span class='ocrx_word' id='word_1_130' title='bbox 566 1287 647 1317; x_wconf 85' lang='lat' dir='ltr'>nihil</span> <span class='ocrx_word' id='word_1_131' title='bbox 663 1288 820 1327; x_wconf 69' lang='lat' dir='ltr'>praecipit,</span> <span class='ocrx_word' id='word_1_132' title='bbox 839 1289 997 1328; x_wconf 82' lang='lat' dir='ltr'>prohibet,</span> 
     </span>
     <span class='ocr_line' id='line_1_23' title="bbox 219 1340 996 1380; baseline 0.004 -10"><span class='ocrx_word' id='word_1_133' title='bbox 219 1340 271 1371; x_wconf 89' lang='lat' dir='ltr'>vel</span> <span class='ocrx_word' id='word_1_134' title='bbox 300 1340 460 1378; x_wconf 87' lang='lat' dir='ltr'>consulit,</span> <span class='ocrx_word' id='word_1_135' title='bbox 487 1340 548 1370; x_wconf 88' lang='lat' dir='ltr'>nisi</span> <span class='ocrx_word' id='word_1_136' title='bbox 571 1341 658 1380; x_wconf 84' lang='lat' dir='ltr'>juste</span> <span class='ocrx_word' id='word_1_137' title='bbox 680 1351 687 1378; x_wconf 90' lang='lat'>;</span> <span class='ocrx_word' id='word_1_138' title='bbox 713 1341 794 1371; x_wconf 88' lang='lat' dir='ltr'>nihil</span> <span class='ocrx_word' id='word_1_139' title='bbox 820 1342 912 1380; x_wconf 78' lang='lat' dir='ltr'>agit,</span> <span class='ocrx_word' id='word_1_140' title='bbox 938 1343 996 1374; x_wconf 86' lang='lat' dir='ltr'>nisi</span> 
     </span>
     <span class='ocr_line' id='line_1_24' title="bbox 221 1393 999 1434; baseline 0.003 -10"><span class='ocrx_word' id='word_1_141' title='bbox 221 1393 322 1432; x_wconf 87' lang='lat' dir='ltr'>bene;</span> <span class='ocrx_word' id='word_1_142' title='bbox 344 1393 427 1424; x_wconf 90' lang='lat' dir='ltr'>nihil</span> <span class='ocrx_word' id='word_1_143' title='bbox 452 1393 605 1433; x_wconf 86' lang='lat' dir='ltr'>permittit</span> <span class='ocrx_word' id='word_1_144' title='bbox 629 1393 758 1433; x_wconf 84' lang='lat' dir='ltr'>injuste.</span> <span class='ocrx_word' id='word_1_145' title='bbox 785 1394 999 1434; x_wconf 81' lang='lat' dir='ltr'>Intelligentia</span> 
     </span>
     <span class='ocr_line' id='line_1_25' title="bbox 220 1447 996 1487; baseline 0.003 -9"><span class='ocrx_word' id='word_1_146' title='bbox 220 1448 328 1478; x_wconf 82' lang='lat' dir='ltr'>autem</span> <span class='ocrx_word' id='word_1_147' title='bbox 343 1449 374 1478; x_wconf 86' lang='lat' dir='ltr'>et</span> <span class='ocrx_word' id='word_1_148' title='bbox 395 1447 475 1478; x_wconf 83' lang='lat' dir='ltr'>ratio</span> <span class='ocrx_word' id='word_1_149' title='bbox 498 1447 724 1487; x_wconf 83' lang='lat' dir='ltr'>praedictorum</span> <span class='ocrx_word' id='word_1_150' title='bbox 748 1448 818 1479; x_wconf 82' lang='lat' dir='ltr'>haec</span> <span class='ocrx_word' id='word_1_151' title='bbox 839 1451 885 1479; x_wconf 83' lang='lat' dir='ltr'>est</span> <span class='ocrx_word' id='word_1_152' title='bbox 903 1459 909 1478; x_wconf 79' lang='lat'>2</span> <span class='ocrx_word' id='word_1_153' title='bbox 927 1450 996 1481; x_wconf 89' lang='lat' dir='ltr'>Pri-</span> 
     </span>
     <span class='ocr_line' id='line_1_26' title="bbox 220 1501 995 1543; baseline 0.005 -12"><span class='ocrx_word' id='word_1_154' title='bbox 220 1510 312 1532; x_wconf 89' lang='lat' dir='ltr'>mum</span> <span class='ocrx_word' id='word_1_155' title='bbox 336 1501 546 1541; x_wconf 88' lang='lat' dir='ltr'>principium,</span> <span class='ocrx_word' id='word_1_156' title='bbox 564 1511 637 1532; x_wconf 86' lang='grc'>811111</span> <span class='ocrx_word' id='word_1_157' title='bbox 661 1502 701 1532; x_wconf 85' lang='grc'>511</span> <span class='ocrx_word' id='word_1_158' title='bbox 723 1512 849 1534; x_wconf 84' lang='grc'>5111111118</span> <span class='ocrx_word' id='word_1_159' title='bbox 872 1505 995 1543; x_wconf 81' lang='lat' dir='ltr'>nobile,</span> 
     </span>
     <span class='ocr_line' id='line_1_27' title="bbox 218 1555 994 1593; baseline 0.005 -8"><span class='ocrx_word' id='word_1_160' title='bbox 218 1556 250 1585; x_wconf 86' lang='lat' dir='ltr'>et</span> <span class='ocrx_word' id='word_1_161' title='bbox 262 1555 462 1586; x_wconf 83' lang='lat' dir='ltr'>voluntatem</span> <span class='ocrx_word' id='word_1_162' title='bbox 478 1555 573 1586; x_wconf 80' lang='lat' dir='ltr'>habet</span> <span class='ocrx_word' id='word_1_163' title='bbox 588 1580 593 1593; x_wconf 90' lang='lat'><em>‚</em></span> <span class='ocrx_word' id='word_1_164' title='bbox 610 1558 640 1586; x_wconf 90' lang='lat' dir='ltr'>et</span> <span class='ocrx_word' id='word_1_165' title='bbox 654 1556 751 1586; x_wconf 86' lang='lat' dir='ltr'>nobili</span> <span class='ocrx_word' id='word_1_166' title='bbox 775 1558 870 1588; x_wconf 87' lang='lat' dir='ltr'>modo</span> <span class='ocrx_word' id='word_1_167' title='bbox 889 1558 994 1589; x_wconf 82' lang='lat' dir='ltr'>babet.</span> 
     </span>
     <span class='ocr_line' id='line_1_28' title="bbox 219 1607 997 1648; baseline 0.004 -9"><span class='ocrx_word' id='word_1_168' title='bbox 219 1607 296 1639; x_wconf 89' lang='lat' dir='ltr'>Cum</span> <span class='ocrx_word' id='word_1_169' title='bbox 311 1609 415 1648; x_wconf 86' lang='lat' dir='ltr'>igitur</span> <span class='ocrx_word' id='word_1_170' title='bbox 430 1609 578 1641; x_wconf 78' lang='lat' dir='ltr'>voluntas</span> <span class='ocrx_word' id='word_1_171' title='bbox 592 1609 630 1640; x_wconf 90' lang='lat' dir='ltr'>de</span> <span class='ocrx_word' id='word_1_172' title='bbox 645 1618 678 1639; x_wconf 87' lang='lat' dir='ltr'>se</span> <span class='ocrx_word' id='word_1_173' title='bbox 697 1609 779 1640; x_wconf 86' lang='lat' dir='ltr'>dicat</span> <span class='ocrx_word' id='word_1_174' title='bbox 794 1610 871 1641; x_wconf 87' lang='lat' dir='ltr'>illud</span> <span class='ocrx_word' id='word_1_175' title='bbox 887 1621 997 1642; x_wconf 87' lang='lat' dir='ltr'>secun-</span> 
     </span>
     <span class='ocr_line' id='line_1_29' title="bbox 217 1661 995 1702; baseline 0.006 -11"><span class='ocrx_word' id='word_1_176' title='bbox 217 1661 295 1692; x_wconf 89' lang='lat' dir='ltr'>dum</span> <span class='ocrx_word' id='word_1_177' title='bbox 312 1661 395 1701; x_wconf 88' lang='lat' dir='ltr'>quod</span> <span class='ocrx_word' id='word_1_178' title='bbox 411 1662 444 1691; x_wconf 90' lang='lat' dir='ltr'>in</span> <span class='ocrx_word' id='word_1_179' title='bbox 462 1662 632 1701; x_wconf 83' lang='lat' dir='ltr'>agentibus</span> <span class='ocrx_word' id='word_1_180' title='bbox 648 1671 667 1692; x_wconf 80' lang='lat' dir='ltr'>a</span> <span class='ocrx_word' id='word_1_181' title='bbox 681 1663 845 1702; x_wconf 81' lang='lat' dir='ltr'>proposito</span> <span class='ocrx_word' id='word_1_182' title='bbox 860 1665 995 1696; x_wconf 85' lang='lat' dir='ltr'>attendi-</span> 
     </span>
     <span class='ocr_line' id='line_1_30' title="bbox 218 1714 996 1757; baseline 0.006 -13"><span class='ocrx_word' id='word_1_183' title='bbox 218 1716 271 1745; x_wconf 92' lang='lat' dir='ltr'>tur</span> <span class='ocrx_word' id='word_1_184' title='bbox 282 1714 397 1754; x_wconf 83' lang='lat' dir='ltr'>regula</span> <span class='ocrx_word' id='word_1_185' title='bbox 408 1715 606 1745; x_wconf 76' lang='lat' dir='ltr'>rectitudinis</span> <span class='ocrx_word' id='word_1_186' title='bbox 617 1739 624 1752; x_wconf 88' lang='lat'><strong>‚</strong></span> <span class='ocrx_word' id='word_1_187' title='bbox 642 1717 672 1746; x_wconf 89' lang='lat' dir='ltr'>et</span> <span class='ocrx_word' id='word_1_188' title='bbox 688 1716 827 1747; x_wconf 84' lang='lat' dir='ltr'>efficacia</span> <span class='ocrx_word' id='word_1_189' title='bbox 841 1719 996 1757; x_wconf 78' lang='lat' dir='ltr'>operatio—</span> 
     </span>
     <span class='ocr_line' id='line_1_31' title="bbox 218 1767 996 1808; baseline 0.008 -11"><span class='ocrx_word' id='word_1_190' title='bbox 218 1767 284 1806; x_wconf 86' lang='lat' dir='ltr'>nis;</span> <span class='ocrx_word' id='word_1_191' title='bbox 308 1777 436 1798; x_wconf 87' lang='lat' dir='ltr'>necesse</span> <span class='ocrx_word' id='word_1_192' title='bbox 461 1770 507 1798; x_wconf 88' lang='lat' dir='ltr'>est</span> <span class='ocrx_word' id='word_1_193' title='bbox 531 1768 617 1808; x_wconf 88' lang='lat' dir='ltr'>quod</span> <span class='ocrx_word' id='word_1_194' title='bbox 643 1769 792 1800; x_wconf 89' lang='lat' dir='ltr'>voluntas</span> <span class='ocrx_word' id='word_1_195' title='bbox 815 1770 850 1800; x_wconf 90' lang='grc'>111</span> <span class='ocrx_word' id='word_1_196' title='bbox 872 1771 935 1803; x_wconf 88' lang='lat' dir='ltr'>Deo</span> <span class='ocrx_word' id='word_1_197' title='bbox 956 1773 996 1803; x_wconf 90' lang='lat' dir='ltr'>sit</span> 
     </span>
     <span class='ocr_line' id='line_1_32' title="bbox 218 1821 995 1856; baseline 0.008 -6"><span class='ocrx_word' id='word_1_198' title='bbox 218 1821 395 1851; x_wconf 88' lang='lat' dir='ltr'>rectissima</span> <span class='ocrx_word' id='word_1_199' title='bbox 418 1822 449 1851; x_wconf 87' lang='lat' dir='ltr'>et</span> <span class='ocrx_word' id='word_1_200' title='bbox 470 1821 698 1853; x_wconf 82' lang='lat' dir='ltr'>efficacissima.</span> <span class='ocrx_word' id='word_1_201' title='bbox 716 1822 788 1853; x_wconf 86' lang='lat' dir='ltr'>Ideo</span> <span class='ocrx_word' id='word_1_202' title='bbox 804 1826 911 1855; x_wconf 87' lang='lat' dir='ltr'>autem</span> <span class='ocrx_word' id='word_1_203' title='bbox 926 1835 995 1856; x_wconf 90' lang='lat' dir='ltr'>rec-</span> 
     </span>
     <span class='ocr_line' id='line_1_33' title="bbox 218 1873 995 1917; baseline 0.01 -14"><span class='ocrx_word' id='word_1_204' title='bbox 218 1873 354 1912; x_wconf 84' lang='lat' dir='ltr'>tissima,</span> <span class='ocrx_word' id='word_1_205' title='bbox 370 1874 448 1914; x_wconf 86' lang='lat' dir='ltr'>quia</span> <span class='ocrx_word' id='word_1_206' title='bbox 469 1874 554 1905; x_wconf 90' lang='lat' dir='ltr'>idem</span> <span class='ocrx_word' id='word_1_207' title='bbox 578 1878 624 1906; x_wconf 90' lang='lat' dir='ltr'>est</span> <span class='ocrx_word' id='word_1_208' title='bbox 648 1876 681 1906; x_wconf 91' lang='lat' dir='ltr'>in</span> <span class='ocrx_word' id='word_1_209' title='bbox 702 1876 765 1907; x_wconf 89' lang='lat' dir='ltr'>Deo</span> <span class='ocrx_word' id='word_1_210' title='bbox 780 1878 946 1917; x_wconf 80' lang='lat' dir='ltr'>voluntas,</span> <span class='ocrx_word' id='word_1_211' title='bbox 965 1884 995 1912; x_wconf 91' lang='lat' dir='ltr'>et</span> 
     </span>
     <span class='ocr_line' id='line_1_34' title="bbox 218 1927 992 1972; baseline 0.008 -14"><span class='ocrx_word' id='word_1_212' title='bbox 218 1927 338 1958; x_wconf 85' lang='lat' dir='ltr'>veritas</span> <span class='ocrx_word' id='word_1_213' title='bbox 351 1939 359 1966; x_wconf 83' lang='lat'>;</span> <span class='ocrx_word' id='word_1_214' title='bbox 376 1928 446 1959; x_wconf 89' lang='lat' dir='ltr'>ideo</span> <span class='ocrx_word' id='word_1_215' title='bbox 461 1929 698 1968; x_wconf 85' lang='lat' dir='ltr'>efficacissima,</span> <span class='ocrx_word' id='word_1_216' title='bbox 715 1931 791 1970; x_wconf 86' lang='grc'>(11113</span> <span class='ocrx_word' id='word_1_217' title='bbox 804 1931 886 1962; x_wconf 87' lang='lat' dir='ltr'>idem</span> <span class='ocrx_word' id='word_1_218' title='bbox 903 1942 992 1972; x_wconf 88' lang='lat' dir='ltr'>pror-</span> 
     </span>
     <span class='ocr_line' id='line_1_35' title="bbox 217 1981 995 2026; baseline 0.006 -15"><span class='ocrx_word' id='word_1_219' title='bbox 217 1990 272 2012; x_wconf 88' lang='lat' dir='ltr'>sus</span> <span class='ocrx_word' id='word_1_220' title='bbox 287 1981 320 2012; x_wconf 89' lang='lat' dir='ltr'>in</span> <span class='ocrx_word' id='word_1_221' title='bbox 336 1982 399 2012; x_wconf 90' lang='lat' dir='ltr'>Deo</span> <span class='ocrx_word' id='word_1_222' title='bbox 414 1985 460 2013; x_wconf 89' lang='lat' dir='ltr'>est</span> <span class='ocrx_word' id='word_1_223' title='bbox 474 1983 641 2022; x_wconf 81' lang='lat' dir='ltr'>voluntas,</span> <span class='ocrx_word' id='word_1_224' title='bbox 658 1986 689 2014; x_wconf 89' lang='lat' dir='ltr'>et</span> <span class='ocrx_word' id='word_1_225' title='bbox 706 1984 808 2015; x_wconf 87' lang='lat' dir='ltr'>virtus</span> <span class='ocrx_word' id='word_1_226' title='bbox 819 2009 827 2024; x_wconf 93' lang='lat'>,</span> <span class='ocrx_word' id='word_1_227' title='bbox 851 1985 919 2016; x_wconf 89' lang='lat' dir='ltr'>sive</span> <span class='ocrx_word' id='word_1_228' title='bbox 941 1996 995 2026; x_wconf 88' lang='lat' dir='ltr'>po-</span> 
     </span>
     <span class='ocr_line' id='line_1_36' title="bbox 218 2036 995 2077; baseline 0.006 -11"><span class='ocrx_word' id='word_1_229' title='bbox 218 2038 324 2067; x_wconf 80' lang='lat' dir='ltr'>testas.</span> <span class='ocrx_word' id='word_1_230' title='bbox 345 2036 383 2067; x_wconf 84' lang='lat' dir='ltr'>Et</span> <span class='ocrx_word' id='word_1_231' title='bbox 404 2037 481 2077; x_wconf 87' lang='lat' dir='ltr'>quia</span> <span class='ocrx_word' id='word_1_232' title='bbox 502 2047 567 2068; x_wconf 87' lang='lat' dir='ltr'>non</span> <span class='ocrx_word' id='word_1_233' title='bbox 592 2040 694 2077; x_wconf 79' lang='lat' dir='ltr'>potest</span> <span class='ocrx_word' id='word_1_234' title='bbox 713 2038 823 2069; x_wconf 85' lang='lat' dir='ltr'>divina</span> <span class='ocrx_word' id='word_1_235' title='bbox 847 2040 995 2072; x_wconf 81' lang='lat' dir='ltr'>voluntas</span> 
     </span>
     <span class='ocr_line' id='line_1_37' title="bbox 219 2091 992 2133; baseline 0.008 -13"><span class='ocrx_word' id='word_1_236' title='bbox 219 2099 326 2121; x_wconf 85' lang='lat' dir='ltr'>carere</span> <span class='ocrx_word' id='word_1_237' title='bbox 344 2091 494 2128; x_wconf 84' lang='lat' dir='ltr'>veritate,</span> <span class='ocrx_word' id='word_1_238' title='bbox 511 2091 581 2133; x_wconf 79' lang='lat' dir='ltr'>ideo</span> <span class='ocrx_word' id='word_1_239' title='bbox 602 2101 666 2122; x_wconf 91' lang='lat' dir='ltr'>non</span> <span class='ocrx_word' id='word_1_240' title='bbox 683 2094 808 2123; x_wconf 71' lang='grc'>1311111111</span> <span class='ocrx_word' id='word_1_241' title='bbox 829 2096 875 2124; x_wconf 84' lang='grc'>851</span> <span class='ocrx_word' id='word_1_242' title='bbox 890 2097 973 2126; x_wconf 80' lang='lat' dir='ltr'>reeta</span> <span class='ocrx_word' id='word_1_243' title='bbox 984 2119 992 2133; x_wconf 84' lang='lat'>,</span> 
     </span>
     <span class='ocr_line' id='line_1_38' title="bbox 219 2144 993 2184; baseline 0.008 -11"><span class='ocrx_word' id='word_1_244' title='bbox 219 2152 334 2174; x_wconf 88' lang='lat' dir='ltr'>verum</span> <span class='ocrx_word' id='word_1_245' title='bbox 353 2144 449 2174; x_wconf 88' lang='lat' dir='ltr'>etiam</span> <span class='ocrx_word' id='word_1_246' title='bbox 465 2145 579 2184; x_wconf 82' lang='lat' dir='ltr'>regula</span> <span class='ocrx_word' id='word_1_247' title='bbox 594 2145 804 2176; x_wconf 86' lang='lat' dir='ltr'>rectitudinis.</span> <span class='ocrx_word' id='word_1_248' title='bbox 822 2146 902 2183; x_wconf 81' lang='lat' dir='ltr'>Quia</span> <span class='ocrx_word' id='word_1_249' title='bbox 918 2158 993 2179; x_wconf 89' lang='lat' dir='ltr'>vero</span> 
     </span>
     <span class='ocr_line' id='line_1_39' title="bbox 220 2196 993 2237; baseline 0.008 -11"><span class='ocrx_word' id='word_1_250' title='bbox 220 2196 309 2227; x_wconf 91' lang='lat' dir='ltr'>nullo</span> <span class='ocrx_word' id='word_1_251' title='bbox 324 2197 418 2227; x_wconf 89' lang='lat' dir='ltr'>modo</span> <span class='ocrx_word' id='word_1_252' title='bbox 440 2199 541 2237; x_wconf 82' lang='lat' dir='ltr'>potest</span> <span class='ocrx_word' id='word_1_253' title='bbox 565 2207 671 2228; x_wconf 84' lang='lat' dir='ltr'>carere</span> <span class='ocrx_word' id='word_1_254' title='bbox 687 2199 826 2237; x_wconf 84' lang='lat' dir='ltr'>virtute,</span> <span class='ocrx_word' id='word_1_255' title='bbox 843 2200 913 2230; x_wconf 90' lang='lat' dir='ltr'>ideo</span> <span class='ocrx_word' id='word_1_256' title='bbox 928 2211 993 2232; x_wconf 92' lang='lat' dir='ltr'>non</span> 
     </span>
     <span class='ocr_line' id='line_1_40' title="bbox 219 2250 995 2288; baseline 0.006 -9"><span class='ocrx_word' id='word_1_257' title='bbox 219 2251 344 2280; x_wconf 86' lang='lat' dir='ltr'>tantum</span> <span class='ocrx_word' id='word_1_258' title='bbox 371 2252 418 2280; x_wconf 89' lang='lat' dir='ltr'>est</span> <span class='ocrx_word' id='word_1_259' title='bbox 444 2250 578 2288; x_wconf 81' lang='lat' dir='ltr'>efficax,</span> <span class='ocrx_word' id='word_1_260' title='bbox 606 2260 719 2281; x_wconf 83' lang='lat' dir='ltr'>verum</span> <span class='ocrx_word' id='word_1_261' title='bbox 749 2251 844 2282; x_wconf 83' lang='lat' dir='ltr'>etiam</span> <span class='ocrx_word' id='word_1_262' title='bbox 873 2252 940 2283; x_wconf 79' lang='lat' dir='ltr'>fons</span> <span class='ocrx_word' id='word_1_263' title='bbox 964 2257 995 2284; x_wconf 88' lang='lat' dir='ltr'>et</span> 
     </span>
     <span class='ocr_line' id='line_1_41' title="bbox 220 2303 994 2342; baseline 0.006 -9"><span class='ocrx_word' id='word_1_264' title='bbox 220 2303 313 2342; x_wconf 88' lang='lat' dir='ltr'>origo</span> <span class='ocrx_word' id='word_1_265' title='bbox 329 2304 424 2334; x_wconf 80' lang='lat' dir='ltr'>totius</span> <span class='ocrx_word' id='word_1_266' title='bbox 438 2304 607 2342; x_wconf 77' lang='lat' dir='ltr'>efficaciae3</span> <span class='ocrx_word' id='word_1_267' title='bbox 625 2305 668 2335; x_wconf 84' lang='lat' dir='ltr'>ita</span> <span class='ocrx_word' id='word_1_268' title='bbox 690 2307 725 2335; x_wconf 88' lang='lat' dir='ltr'>ut</span> <span class='ocrx_word' id='word_1_269' title='bbox 747 2305 828 2335; x_wconf 90' lang='lat' dir='ltr'>nihil</span> <span class='ocrx_word' id='word_1_270' title='bbox 850 2306 917 2337; x_wconf 89' lang='lat' dir='ltr'>sine</span> <span class='ocrx_word' id='word_1_271' title='bbox 940 2307 994 2338; x_wconf 86' lang='lat' dir='ltr'>illa</span> 
     </span>
     <span class='ocr_line' id='line_1_42' title="bbox 220 2356 991 2399; baseline 0.006 -13"><span class='ocrx_word' id='word_1_272' title='bbox 220 2356 320 2396; x_wconf 83' lang='lat' dir='ltr'>possit</span> <span class='ocrx_word' id='word_1_273' title='bbox 333 2357 429 2396; x_wconf 84' lang='lat' dir='ltr'>effici,</span> <span class='ocrx_word' id='word_1_274' title='bbox 446 2358 527 2388; x_wconf 87' lang='lat' dir='ltr'>nihil</span> <span class='ocrx_word' id='word_1_275' title='bbox 542 2360 653 2389; x_wconf 87' lang='lat' dir='ltr'>contra.</span> <span class='ocrx_word' id='word_1_276' title='bbox 675 2358 762 2389; x_wconf 85' lang='lat' dir='ltr'>illam</span> <span class='ocrx_word' id='word_1_277' title='bbox 783 2359 881 2398; x_wconf 83' lang='lat' dir='ltr'>possit</span> <span class='ocrx_word' id='word_1_278' title='bbox 902 2361 991 2399; x_wconf 83' lang='lat' dir='ltr'>fieri,</span> 
     </span>
     <span class='ocr_line' id='line_1_43' title="bbox 220 2409 995 2452; baseline 0.006 -13"><span class='ocrx_word' id='word_1_279' title='bbox 220 2409 301 2440; x_wconf 87' lang='lat' dir='ltr'>nihil</span> <span class='ocrx_word' id='word_1_280' title='bbox 321 2410 416 2440; x_wconf 86' lang='lat' dir='ltr'>etiam</span> <span class='ocrx_word' id='word_1_281' title='bbox 443 2411 502 2448; x_wconf 81' lang='lat' dir='ltr'>sit,</span> <span class='ocrx_word' id='word_1_282' title='bbox 520 2421 538 2442; x_wconf 90' lang='grc'>3</span> <span class='ocrx_word' id='word_1_283' title='bbox 558 2421 621 2452; x_wconf 89' lang='grc'>(1110</span> <span class='ocrx_word' id='word_1_284' title='bbox 646 2412 749 2443; x_wconf 82' lang='lat' dir='ltr'>valeat</span> <span class='ocrx_word' id='word_1_285' title='bbox 773 2412 930 2451; x_wconf 76' lang='lat' dir='ltr'>impediri.</span> <span class='ocrx_word' id='word_1_286' title='bbox 958 2414 995 2445; x_wconf 88' lang='lat' dir='ltr'>Et</span> 
     </span>
     <span class='ocr_line' id='line_1_44' title="bbox 221 2462 996 2504; baseline 0.008 -12"><span class='ocrx_word' id='word_1_287' title='bbox 221 2462 296 2502; x_wconf 87' lang='lat' dir='ltr'>quia</span> <span class='ocrx_word' id='word_1_288' title='bbox 310 2463 485 2494; x_wconf 87' lang='lat' dir='ltr'>rectissima</span> <span class='ocrx_word' id='word_1_289' title='bbox 499 2467 562 2503; x_wconf 83' lang='lat' dir='ltr'>est,</span> <span class='ocrx_word' id='word_1_290' title='bbox 584 2464 693 2495; x_wconf 90' lang='lat' dir='ltr'>nullus</span> <span class='ocrx_word' id='word_1_291' title='bbox 719 2468 819 2504; x_wconf 81' lang='lat' dir='ltr'>potest</span> <span class='ocrx_word' id='word_1_292' title='bbox 841 2475 909 2497; x_wconf 85' lang='lat' dir='ltr'>esse</span> <span class='ocrx_word' id='word_1_293' title='bbox 927 2477 996 2498; x_wconf 90' lang='lat' dir='ltr'>rec-</span> 
     </span>
     <span class='ocr_line' id='line_1_45' title="bbox 222 2517 993 2561; baseline 0.006 -15"><span class='ocrx_word' id='word_1_294' title='bbox 222 2517 290 2554; x_wconf 90' lang='lat' dir='ltr'>tus,</span> <span class='ocrx_word' id='word_1_295' title='bbox 307 2517 369 2547; x_wconf 90' lang='lat' dir='ltr'>nisi</span> <span class='ocrx_word' id='word_1_296' title='bbox 381 2518 595 2549; x_wconf 79' lang='lat' dir='ltr'>conformetur</span> <span class='ocrx_word' id='word_1_297' title='bbox 610 2519 638 2549; x_wconf 83' lang='lat' dir='ltr'>ei</span> <span class='ocrx_word' id='word_1_298' title='bbox 656 2530 662 2549; x_wconf 78' lang='lat' dir='ltr'>z</span> <span class='ocrx_word' id='word_1_299' title='bbox 679 2518 788 2549; x_wconf 91' lang='lat' dir='ltr'>nullus</span> <span class='ocrx_word' id='word_1_300' title='bbox 808 2521 914 2550; x_wconf 85' lang='grc'>31118111</span> <span class='ocrx_word' id='word_1_301' title='bbox 938 2531 993 2561; x_wconf 87' lang='lat' dir='ltr'>po-</span> 
     </span>
     <span class='ocr_line' id='line_1_46' title="bbox 222 2569 996 2611; baseline 0.009 -13"><span class='ocrx_word' id='word_1_302' title='bbox 222 2569 326 2599; x_wconf 85' lang='lat' dir='ltr'>testei</span> <span class='ocrx_word' id='word_1_303' title='bbox 341 2571 556 2611; x_wconf 72' lang='lat' dir='ltr'>conformari,</span> <span class='ocrx_word' id='word_1_304' title='bbox 580 2572 641 2602; x_wconf 89' lang='grc'>11151</span> <span class='ocrx_word' id='word_1_305' title='bbox 664 2572 810 2603; x_wconf 85' lang='lat' dir='ltr'>voluntas</span> <span class='ocrx_word' id='word_1_306' title='bbox 831 2572 885 2603; x_wconf 88' lang='lat' dir='ltr'>illa</span> <span class='ocrx_word' id='word_1_307' title='bbox 908 2574 996 2605; x_wconf 90' lang='lat' dir='ltr'>inno-</span> 
     </span>
     <span class='ocr_line' id='line_1_47' title="bbox 105 2623 998 2665; baseline 0.008 -14"><span class='ocrx_word' id='word_1_308' title='bbox 105 2635 210 2657; x_wconf 53' lang='lat' dir='ltr'>vffiuums</span> <span class='ocrx_word' id='word_1_309' title='bbox 226 2624 321 2652; x_wconf 87' lang='lat' dir='ltr'>tescat</span> <span class='ocrx_word' id='word_1_310' title='bbox 336 2623 404 2654; x_wconf 91' lang='lat' dir='ltr'>sibi.</span> <span class='ocrx_word' id='word_1_311' title='bbox 424 2623 575 2664; x_wconf 81' lang='lat' dir='ltr'>Oportuit</span> <span class='ocrx_word' id='word_1_312' title='bbox 597 2635 675 2665; x_wconf 84' lang='lat' dir='ltr'>ergo</span> <span class='ocrx_word' id='word_1_313' title='bbox 698 2626 896 2657; x_wconf 80' lang='lat' dir='ltr'>voluntatem</span> <span class='ocrx_word' id='word_1_314' title='bbox 921 2628 998 2658; x_wconf 88' lang='lat' dir='ltr'>divi·</span> 
     </span>
     <span class='ocr_line' id='line_1_48' title="bbox 117 2667 997 2725; baseline 0.009 -20"><span class='ocrx_word' id='word_1_315' title='bbox 117 2667 195 2725; x_wconf 51' lang='grc' dir='ltr'>ἓξὲξ</span> <span class='ocrx_word' id='word_1_316' title='bbox 228 2684 319 2714; x_wconf 86' lang='grc'>113111,</span> <span class='ocrx_word' id='word_1_317' title='bbox 332 2677 479 2715; x_wconf 84' lang='lat' dir='ltr'>regulam</span> <span class='ocrx_word' id='word_1_318' title='bbox 494 2679 709 2717; x_wconf 82' lang='lat' dir='ltr'>rectitudinis,</span> <span class='ocrx_word' id='word_1_319' title='bbox 723 2680 879 2711; x_wconf 83' lang='lat' dir='ltr'>notificari</span> <span class='ocrx_word' id='word_1_320' title='bbox 894 2682 997 2714; x_wconf 81' lang='lat' dir='ltr'>nobis,</span> 
     </span>
     <span class='ocr_line' id='line_1_49' title="bbox 351 2738 506 2761; baseline 0 0"><span class='ocrx_word' id='word_1_321' title='bbox 351 2738 425 2761; x_wconf 72' lang='lat' dir='ltr'>Toni.</span> <span class='ocrx_word' id='word_1_322' title='bbox 449 2740 506 2761; x_wconf 87' lang='lat' dir='ltr'>vn.</span> 
     </span>
    </p>
   </div>
   <div class='ocr_carea' id='block_1_6' title="bbox 1767 205 1825 236">
    <p class='ocr_par' dir='ltr' id='par_1_6' title="bbox 1767 205 1825 236">
     <span class='ocr_line' id='line_1_50' title="bbox 1767 205 1825 236; baseline 0.017 -1"><span class='ocrx_word' id='word_1_323' title='bbox 1767 205 1825 236; x_wconf 70' lang='lat'>257</span> 
     </span>
    </p>
   </div>
   <div class='ocr_carea' id='block_1_7' title="bbox 1053 265 1954 364">
    <p class='ocr_par' dir='ltr' id='par_1_7' title="bbox 1053 265 1954 364">
     <span class='ocr_line' id='line_1_51' title="bbox 1054 265 1954 316; baseline 0.009 -20"><span class='ocrx_word' id='word_1_324' title='bbox 1054 265 1220 298; x_wconf 77' lang='lat' dir='ltr'>Rectitudo</span> <span class='ocrx_word' id='word_1_325' title='bbox 1241 270 1349 300; x_wconf 86' lang='lat' dir='ltr'>autem</span> <span class='ocrx_word' id='word_1_326' title='bbox 1375 269 1525 310; x_wconf 84' lang='lat' dir='ltr'>quaedam</span> <span class='ocrx_word' id='word_1_327' title='bbox 1545 273 1592 302; x_wconf 90' lang='lat' dir='ltr'>est</span> <span class='ocrx_word' id='word_1_328' title='bbox 1613 271 1827 312; x_wconf 84' lang='lat' dir='ltr'>necessitatis,</span> <span class='ocrx_word' id='word_1_329' title='bbox 1843 279 1954 316; x_wconf 62' lang='lat' dir='ltr'>nvi-iudi-</span> 
     </span>
     <span class='ocr_line' id='line_1_52' title="bbox 1053 318 1917 364; baseline 0.008 -14"><span class='ocrx_word' id='word_1_330' title='bbox 1053 322 1084 351; x_wconf 90' lang='lat' dir='ltr'>et</span> <span class='ocrx_word' id='word_1_331' title='bbox 1102 320 1171 351; x_wconf 83' lang='lat' dir='ltr'>haec</span> <span class='ocrx_word' id='word_1_332' title='bbox 1185 323 1232 352; x_wconf 85' lang='lat' dir='ltr'>est</span> <span class='ocrx_word' id='word_1_333' title='bbox 1245 321 1278 352; x_wconf 90' lang='lat' dir='ltr'>in</span> <span class='ocrx_word' id='word_1_334' title='bbox 1294 322 1435 354; x_wconf 78' lang='lat' dir='ltr'>faciendo</span> <span class='ocrx_word' id='word_1_335' title='bbox 1450 323 1571 355; x_wconf 85' lang='lat' dir='ltr'>honum</span> <span class='ocrx_word' id='word_1_336' title='bbox 1593 325 1805 356; x_wconf 86' lang='lat' dir='ltr'>necessarium</span> <span class='ocrx_word' id='word_1_337' title='bbox 1818 349 1826 364; x_wconf 89' lang='lat'>,</span> <span class='ocrx_word' id='word_1_338' title='bbox 1877 318 1917 332; x_wconf 78' lang='lat'><strong>&#39;&#39;⁵&#39;</strong></span> 
     </span>
    </p>
   </div>
   <div class='ocr_carea' id='block_1_8' title="bbox 1050 374 1833 2771">
    <p class='ocr_par' dir='ltr' id='par_1_8' title="bbox 1052 374 1832 1007">
     <span class='ocr_line' id='line_1_53' title="bbox 1052 374 1830 421; baseline 0.008 -17"><span class='ocrx_word' id='word_1_339' title='bbox 1052 376 1083 404; x_wconf 89' lang='lat' dir='ltr'>et</span> <span class='ocrx_word' id='word_1_340' title='bbox 1099 374 1287 421; x_wconf 79' lang='lat' dir='ltr'>declinando</span> <span class='ocrx_word' id='word_1_341' title='bbox 1312 376 1453 415; x_wconf 83' lang='lat' dir='ltr'>malum;</span> <span class='ocrx_word' id='word_1_342' title='bbox 1479 378 1626 418; x_wconf 80' lang='lat' dir='ltr'>quaedam</span> <span class='ocrx_word' id='word_1_343' title='bbox 1652 381 1761 410; x_wconf 85' lang='lat' dir='ltr'>autem</span> <span class='ocrx_word' id='word_1_344' title='bbox 1781 382 1830 410; x_wconf 85' lang='lat' dir='ltr'>est</span> 
     </span>
     <span class='ocr_line' id='line_1_54' title="bbox 1053 428 1829 472; baseline 0.006 -13"><span class='ocrx_word' id='word_1_345' title='bbox 1053 428 1274 468; x_wconf 81' lang='lat' dir='ltr'>perfectionis,</span> <span class='ocrx_word' id='word_1_346' title='bbox 1298 431 1330 460; x_wconf 87' lang='lat' dir='ltr'>et</span> <span class='ocrx_word' id='word_1_347' title='bbox 1352 429 1421 460; x_wconf 81' lang='lat' dir='ltr'>haec</span> <span class='ocrx_word' id='word_1_348' title='bbox 1444 433 1491 461; x_wconf 84' lang='lat' dir='ltr'>est</span> <span class='ocrx_word' id='word_1_349' title='bbox 1514 431 1547 461; x_wconf 93' lang='lat' dir='ltr'>in</span> <span class='ocrx_word' id='word_1_350' title='bbox 1569 433 1829 472; x_wconf 86' lang='lat' dir='ltr'>supererogando</span> 
     </span>
     <span class='ocr_line' id='line_1_55' title="bbox 1053 480 1831 517; baseline 0.008 -6"><span class='ocrx_word' id='word_1_351' title='bbox 1053 480 1139 512; x_wconf 91' lang='lat' dir='ltr'>ultra</span> <span class='ocrx_word' id='word_1_352' title='bbox 1153 481 1295 513; x_wconf 87' lang='lat' dir='ltr'>debitum</span> <span class='ocrx_word' id='word_1_353' title='bbox 1313 493 1319 512; x_wconf 92' lang='lat'><strong>:</strong></span> <span class='ocrx_word' id='word_1_354' title='bbox 1338 486 1369 514; x_wconf 89' lang='lat' dir='ltr'>et</span> <span class='ocrx_word' id='word_1_355' title='bbox 1385 483 1560 515; x_wconf 85' lang='lat' dir='ltr'>secundum</span> <span class='ocrx_word' id='word_1_356' title='bbox 1583 484 1644 516; x_wconf 85' lang='lat' dir='ltr'>hoc</span> <span class='ocrx_word' id='word_1_357' title='bbox 1662 485 1831 517; x_wconf 86' lang='lat' dir='ltr'>innotescit</span> 
     </span>
     <span class='ocr_line' id='line_1_56' title="bbox 1053 535 1831 580; baseline 0.008 -15"><span class='ocrx_word' id='word_1_358' title='bbox 1053 535 1144 566; x_wconf 83' lang='lat' dir='ltr'>nobis</span> <span class='ocrx_word' id='word_1_359' title='bbox 1166 544 1223 576; x_wconf 86' lang='lat' dir='ltr'>per</span> <span class='ocrx_word' id='word_1_360' title='bbox 1244 535 1360 576; x_wconf 86' lang='lat' dir='ltr'>triplex</span> <span class='ocrx_word' id='word_1_361' title='bbox 1383 536 1531 577; x_wconf 78' lang='lat' dir='ltr'>signum,</span> <span class='ocrx_word' id='word_1_362' title='bbox 1552 538 1670 570; x_wconf 88' lang='lat' dir='ltr'>scilicet</span> <span class='ocrx_word' id='word_1_363' title='bbox 1692 548 1831 580; x_wconf 68' lang='lat' dir='ltr'>praecep-</span> 
     </span>
     <span class='ocr_line' id='line_1_57' title="bbox 1053 589 1828 635; baseline 0.008 -16"><span class='ocrx_word' id='word_1_364' title='bbox 1053 589 1172 620; x_wconf 85' lang='lat' dir='ltr'>tionem</span> <span class='ocrx_word' id='word_1_365' title='bbox 1183 614 1192 628; x_wconf 91' lang='lat'><em>‚</em></span> <span class='ocrx_word' id='word_1_366' title='bbox 1212 589 1479 630; x_wconf 87' lang='lat' dir='ltr'>prohibitionem,</span> <span class='ocrx_word' id='word_1_367' title='bbox 1491 594 1522 623; x_wconf 89' lang='lat' dir='ltr'>et</span> <span class='ocrx_word' id='word_1_368' title='bbox 1538 593 1706 625; x_wconf 90' lang='lat' dir='ltr'>consilium</span> <span class='ocrx_word' id='word_1_369' title='bbox 1718 620 1728 633; x_wconf 87' lang='lat'>,</span> <span class='ocrx_word' id='word_1_370' title='bbox 1743 595 1828 635; x_wconf 83' lang='lat' dir='ltr'>quod</span> 
     </span>
     <span class='ocr_line' id='line_1_58' title="bbox 1053 643 1830 688; baseline 0.006 -15"><span class='ocrx_word' id='word_1_371' title='bbox 1053 643 1184 682; x_wconf 89' lang='lat' dir='ltr'>quidem</span> <span class='ocrx_word' id='word_1_372' title='bbox 1220 644 1383 684; x_wconf 83' lang='lat' dir='ltr'>significat</span> <span class='ocrx_word' id='word_1_373' title='bbox 1415 645 1560 677; x_wconf 92' lang='lat' dir='ltr'>divinum</span> <span class='ocrx_word' id='word_1_374' title='bbox 1596 646 1830 688; x_wconf 87' lang='lat' dir='ltr'>beneplacitum</span> 
     </span>
     <span class='ocr_line' id='line_1_59' title="bbox 1053 700 1832 741; baseline 0.006 -14"><span class='ocrx_word' id='word_1_375' title='bbox 1053 700 1230 738; x_wconf 81' lang='lat' dir='ltr'>acceptare,</span> <span class='ocrx_word' id='word_1_376' title='bbox 1246 701 1399 739; x_wconf 84' lang='lat' dir='ltr'>tanquam</span> <span class='ocrx_word' id='word_1_377' title='bbox 1411 700 1553 739; x_wconf 85' lang='lat' dir='ltr'>justum,</span> <span class='ocrx_word' id='word_1_378' title='bbox 1565 700 1650 741; x_wconf 92' lang='lat' dir='ltr'>quod</span> <span class='ocrx_word' id='word_1_379' title='bbox 1670 700 1707 731; x_wconf 86' lang='lat' dir='ltr'>fit</span> <span class='ocrx_word' id='word_1_380' title='bbox 1720 710 1832 732; x_wconf 89' lang='lat' dir='ltr'>secun-</span> 
     </span>
     <span class='ocr_line' id='line_1_60' title="bbox 1054 751 1831 794; baseline 0.006 -13"><span class='ocrx_word' id='word_1_381' title='bbox 1054 751 1130 782; x_wconf 85' lang='lat' dir='ltr'>dum</span> <span class='ocrx_word' id='word_1_382' title='bbox 1147 751 1294 783; x_wconf 87' lang='lat' dir='ltr'>divinum</span> <span class='ocrx_word' id='word_1_383' title='bbox 1315 755 1528 793; x_wconf 61' lang='lat' dir='ltr'>praeceptum,</span> <span class='ocrx_word' id='word_1_384' title='bbox 1545 755 1630 794; x_wconf 86' lang='lat' dir='ltr'>quod</span> <span class='ocrx_word' id='word_1_385' title='bbox 1653 754 1831 786; x_wconf 84' lang='lat' dir='ltr'>declinatur</span> 
     </span>
     <span class='ocr_line' id='line_1_61' title="bbox 1054 804 1832 847; baseline 0.005 -11"><span class='ocrx_word' id='word_1_386' title='bbox 1054 805 1228 837; x_wconf 83' lang='lat' dir='ltr'>secundum</span> <span class='ocrx_word' id='word_1_387' title='bbox 1244 806 1387 837; x_wconf 83' lang='lat' dir='ltr'>divinam</span> <span class='ocrx_word' id='word_1_388' title='bbox 1403 804 1651 847; x_wconf 83' lang='lat' dir='ltr'>prohibitionem</span> <span class='ocrx_word' id='word_1_389' title='bbox 1661 833 1671 847; x_wconf 91' lang='lat'>,</span> <span class='ocrx_word' id='word_1_390' title='bbox 1687 811 1719 839; x_wconf 92' lang='lat' dir='ltr'>et</span> <span class='ocrx_word' id='word_1_391' title='bbox 1733 809 1832 840; x_wconf 86' lang='lat' dir='ltr'>adim-</span> 
     </span>
     <span class='ocr_line' id='line_1_62' title="bbox 1055 859 1832 903; baseline 0.006 -14"><span class='ocrx_word' id='word_1_392' title='bbox 1055 859 1160 899; x_wconf 87' lang='lat' dir='ltr'>pletur</span> <span class='ocrx_word' id='word_1_393' title='bbox 1174 860 1351 891; x_wconf 85' lang='lat' dir='ltr'>secundum</span> <span class='ocrx_word' id='word_1_394' title='bbox 1367 861 1514 892; x_wconf 81' lang='lat' dir='ltr'>(livinum</span> <span class='ocrx_word' id='word_1_395' title='bbox 1530 862 1711 894; x_wconf 90' lang='lat' dir='ltr'>consilium.</span> <span class='ocrx_word' id='word_1_396' title='bbox 1731 862 1832 903; x_wconf 85' lang='lat' dir='ltr'>Signa</span> 
     </span>
     <span class='ocr_line' id='line_1_63' title="bbox 1054 913 1830 954; baseline 0.006 -11"><span class='ocrx_word' id='word_1_397' title='bbox 1054 922 1131 944; x_wconf 90' lang='lat' dir='ltr'>vero</span> <span class='ocrx_word' id='word_1_398' title='bbox 1147 913 1231 951; x_wconf 82' lang='lat' dir='ltr'>haec,</span> <span class='ocrx_word' id='word_1_399' title='bbox 1249 914 1426 945; x_wconf 77' lang='lat' dir='ltr'>infallibilia</span> <span class='ocrx_word' id='word_1_400' title='bbox 1441 915 1535 954; x_wconf 82' lang='lat' dir='ltr'>signa</span> <span class='ocrx_word' id='word_1_401' title='bbox 1549 918 1623 947; x_wconf 90' lang='lat' dir='ltr'>sunt</span> <span class='ocrx_word' id='word_1_402' title='bbox 1637 917 1755 948; x_wconf 85' lang='lat' dir='ltr'>divinae</span> <span class='ocrx_word' id='word_1_403' title='bbox 1773 926 1830 948; x_wconf 93' lang='lat' dir='ltr'>vo-</span> 
     </span>
     <span class='ocr_line' id='line_1_64' title="bbox 1054 966 1666 1007; baseline 0.007 -11"><span class='ocrx_word' id='word_1_404' title='bbox 1054 966 1203 1004; x_wconf 79' lang='lat' dir='ltr'>luntatis,</span> <span class='ocrx_word' id='word_1_405' title='bbox 1219 969 1253 998; x_wconf 88' lang='lat' dir='ltr'>ut</span> <span class='ocrx_word' id='word_1_406' title='bbox 1269 971 1315 998; x_wconf 90' lang='lat' dir='ltr'>est</span> <span class='ocrx_word' id='word_1_407' title='bbox 1330 969 1442 1007; x_wconf 80' lang='lat' dir='ltr'>regula</span> <span class='ocrx_word' id='word_1_408' title='bbox 1458 969 1666 1001; x_wconf 80' lang='lat' dir='ltr'>rectitudinis,</span> 
     </span>
    </p>

    <p class='ocr_par' dir='ltr' id='par_1_9' title="bbox 1050 1020 1833 2727">
     <span class='ocr_line' id='line_1_65' title="bbox 1096 1020 1833 1063; baseline 0.008 -12"><span class='ocrx_word' id='word_1_409' title='bbox 1096 1020 1218 1051; x_wconf 83' lang='lat' dir='ltr'>Rursus</span> <span class='ocrx_word' id='word_1_410' title='bbox 1240 1045 1247 1059; x_wconf 82' lang='lat'>,</span> <span class='ocrx_word' id='word_1_411' title='bbox 1278 1022 1353 1062; x_wconf 85' lang='lat' dir='ltr'>quia</span> <span class='ocrx_word' id='word_1_412' title='bbox 1385 1023 1604 1055; x_wconf 80' lang='lat' dir='ltr'>efficacissima</span> <span class='ocrx_word' id='word_1_413' title='bbox 1632 1027 1680 1056; x_wconf 89' lang='lat' dir='ltr'>est</span> <span class='ocrx_word' id='word_1_414' title='bbox 1704 1049 1711 1063; x_wconf 96' lang='lat'>,</span> <span class='ocrx_word' id='word_1_415' title='bbox 1743 1025 1833 1057; x_wconf 91' lang='lat' dir='ltr'>nullo</span> 
     </span>
     <span class='ocr_line' id='line_1_66' title="bbox 1054 1074 1833 1118; baseline 0.008 -14"><span class='ocrx_word' id='word_1_416' title='bbox 1054 1074 1149 1104; x_wconf 86' lang='lat' dir='ltr'>modo</span> <span class='ocrx_word' id='word_1_417' title='bbox 1177 1077 1280 1115; x_wconf 89' lang='lat' dir='ltr'>potest</span> <span class='ocrx_word' id='word_1_418' title='bbox 1307 1076 1422 1116; x_wconf 83' lang='lat' dir='ltr'>aliquis</span> <span class='ocrx_word' id='word_1_419' title='bbox 1450 1077 1570 1118; x_wconf 88' lang='lat' dir='ltr'>aliquid</span> <span class='ocrx_word' id='word_1_420' title='bbox 1599 1079 1745 1115; x_wconf 82' lang='lat' dir='ltr'>efficere,</span> <span class='ocrx_word' id='word_1_421' title='bbox 1772 1079 1833 1110; x_wconf 91' lang='lat' dir='ltr'>nisi</span> 
     </span>
     <span class='ocr_line' id='line_1_67' title="bbox 1054 1128 1831 1170; baseline 0.01 -13"><span class='ocrx_word' id='word_1_422' title='bbox 1054 1128 1122 1168; x_wconf 86' lang='lat' dir='ltr'>ipsa</span> <span class='ocrx_word' id='word_1_423' title='bbox 1136 1132 1325 1168; x_wconf 85' lang='lat' dir='ltr'>cooperante</span> <span class='ocrx_word' id='word_1_424' title='bbox 1342 1132 1373 1160; x_wconf 88' lang='lat' dir='ltr'>et</span> <span class='ocrx_word' id='word_1_425' title='bbox 1387 1131 1582 1162; x_wconf 79' lang='lat' dir='ltr'>coefficiente</span> <span class='ocrx_word' id='word_1_426' title='bbox 1595 1144 1602 1170; x_wconf 85' lang='lat'>;</span> <span class='ocrx_word' id='word_1_427' title='bbox 1629 1133 1738 1164; x_wconf 87' lang='lat' dir='ltr'>nullus</span> <span class='ocrx_word' id='word_1_428' title='bbox 1753 1134 1831 1165; x_wconf 85' lang='lat' dir='ltr'>defi-</span> 
     </span>
     <span class='ocr_line' id='line_1_68' title="bbox 1054 1182 1833 1226; baseline 0.009 -14"><span class='ocrx_word' id='word_1_429' title='bbox 1054 1191 1125 1212; x_wconf 87' lang='lat' dir='ltr'>cere</span> <span class='ocrx_word' id='word_1_430' title='bbox 1141 1182 1191 1213; x_wconf 90' lang='lat' dir='ltr'>vel</span> <span class='ocrx_word' id='word_1_431' title='bbox 1208 1192 1336 1222; x_wconf 80' lang='lat' dir='ltr'>peccare</span> <span class='ocrx_word' id='word_1_432' title='bbox 1349 1187 1470 1224; x_wconf 85' lang='lat' dir='ltr'>potest,</span> <span class='ocrx_word' id='word_1_433' title='bbox 1488 1185 1548 1215; x_wconf 90' lang='lat' dir='ltr'>nisi</span> <span class='ocrx_word' id='word_1_434' title='bbox 1562 1186 1630 1226; x_wconf 83' lang='lat' dir='ltr'>ipsa</span> <span class='ocrx_word' id='word_1_435' title='bbox 1640 1187 1727 1226; x_wconf 85' lang='lat' dir='ltr'>juste</span> <span class='ocrx_word' id='word_1_436' title='bbox 1741 1187 1833 1218; x_wconf 82' lang='lat' dir='ltr'>dese-</span> 
     </span>
     <span class='ocr_line' id='line_1_69' title="bbox 1054 1236 1832 1281; baseline 0.009 -16"><span class='ocrx_word' id='word_1_437' title='bbox 1054 1238 1155 1266; x_wconf 87' lang='lat' dir='ltr'>rente.</span> <span class='ocrx_word' id='word_1_438' title='bbox 1186 1236 1223 1266; x_wconf 80' lang='lat' dir='ltr'>Et</span> <span class='ocrx_word' id='word_1_439' title='bbox 1254 1237 1430 1268; x_wconf 80' lang='lat' dir='ltr'>secundum</span> <span class='ocrx_word' id='word_1_440' title='bbox 1459 1238 1519 1269; x_wconf 89' lang='lat' dir='ltr'>hoc</span> <span class='ocrx_word' id='word_1_441' title='bbox 1548 1239 1612 1270; x_wconf 87' lang='lat' dir='ltr'>duo</span> <span class='ocrx_word' id='word_1_442' title='bbox 1636 1243 1710 1271; x_wconf 91' lang='lat' dir='ltr'>sunt</span> <span class='ocrx_word' id='word_1_443' title='bbox 1739 1242 1832 1281; x_wconf 75' lang='lat' dir='ltr'>signa</span> 
     </span>
     <span class='ocr_line' id='line_1_70' title="bbox 1055 1290 1830 1335; baseline 0.008 -15"><span class='ocrx_word' id='word_1_444' title='bbox 1055 1291 1124 1329; x_wconf 84' lang='lat' dir='ltr'>ejus</span> <span class='ocrx_word' id='word_1_445' title='bbox 1142 1315 1149 1327; x_wconf 92' lang='lat'>,</span> <span class='ocrx_word' id='word_1_446' title='bbox 1175 1290 1292 1321; x_wconf 74' lang='lat' dir='ltr'>scilieet</span> <span class='ocrx_word' id='word_1_447' title='bbox 1320 1291 1462 1330; x_wconf 86' lang='lat' dir='ltr'>impletio</span> <span class='ocrx_word' id='word_1_448' title='bbox 1478 1317 1487 1330; x_wconf 90' lang='lat'>,</span> <span class='ocrx_word' id='word_1_449' title='bbox 1516 1294 1599 1333; x_wconf 87' lang='lat' dir='ltr'>quod</span> <span class='ocrx_word' id='word_1_450' title='bbox 1626 1297 1673 1325; x_wconf 88' lang='lat' dir='ltr'>est</span> <span class='ocrx_word' id='word_1_451' title='bbox 1698 1295 1830 1335; x_wconf 85' lang='lat' dir='ltr'>signum</span> 
     </span>
     <span class='ocr_line' id='line_1_71' title="bbox 1055 1343 1830 1390; baseline 0.005 -15"><span class='ocrx_word' id='word_1_452' title='bbox 1055 1343 1227 1375; x_wconf 85' lang='lat' dir='ltr'>voluntatis</span> <span class='ocrx_word' id='word_1_453' title='bbox 1243 1347 1278 1375; x_wconf 90' lang='lat' dir='ltr'>ut</span> <span class='ocrx_word' id='word_1_454' title='bbox 1294 1345 1458 1376; x_wconf 78' lang='lat' dir='ltr'>efficientis</span> <span class='ocrx_word' id='word_1_455' title='bbox 1470 1370 1478 1384; x_wconf 79' lang='lat'>,</span> <span class='ocrx_word' id='word_1_456' title='bbox 1495 1349 1525 1377; x_wconf 86' lang='lat' dir='ltr'>et</span> <span class='ocrx_word' id='word_1_457' title='bbox 1541 1348 1728 1388; x_wconf 79' lang='lat' dir='ltr'>permissio,</span> <span class='ocrx_word' id='word_1_458' title='bbox 1746 1350 1830 1390; x_wconf 82' lang='lat' dir='ltr'>quod</span> 
     </span>
     <span class='ocr_line' id='line_1_72' title="bbox 1054 1398 1831 1439; baseline 0.008 -11"><span class='ocrx_word' id='word_1_459' title='bbox 1054 1400 1099 1428; x_wconf 89' lang='lat' dir='ltr'>est</span> <span class='ocrx_word' id='word_1_460' title='bbox 1115 1398 1245 1437; x_wconf 74' lang='lat' dir='ltr'>signum</span> <span class='ocrx_word' id='word_1_461' title='bbox 1260 1398 1436 1429; x_wconf 80' lang='lat' dir='ltr'>voluntatis</span> <span class='ocrx_word' id='word_1_462' title='bbox 1446 1401 1534 1439; x_wconf 85' lang='lat' dir='ltr'>juste</span> <span class='ocrx_word' id='word_1_463' title='bbox 1544 1401 1727 1433; x_wconf 86' lang='lat' dir='ltr'>deserentis.</span> <span class='ocrx_word' id='word_1_464' title='bbox 1741 1403 1831 1434; x_wconf 84' lang='lat' dir='ltr'>Juste</span> 
     </span>
     <span class='ocr_line' id='line_1_73' title="bbox 1054 1450 1832 1490; baseline 0.01 -12"><span class='ocrx_word' id='word_1_465' title='bbox 1054 1451 1162 1479; x_wconf 84' lang='lat' dir='ltr'>autem</span> <span class='ocrx_word' id='word_1_466' title='bbox 1177 1450 1310 1488; x_wconf 77' lang='lat' dir='ltr'>(leserit,</span> <span class='ocrx_word' id='word_1_467' title='bbox 1325 1450 1401 1490; x_wconf 89' lang='lat' dir='ltr'>quia</span> <span class='ocrx_word' id='word_1_468' title='bbox 1411 1452 1539 1490; x_wconf 74' lang='lat' dir='ltr'>jiistum</span> <span class='ocrx_word' id='word_1_469' title='bbox 1561 1456 1607 1483; x_wconf 80' lang='lat' dir='ltr'>est</span> <span class='ocrx_word' id='word_1_470' title='bbox 1625 1457 1660 1484; x_wconf 90' lang='grc'>111</span> <span class='ocrx_word' id='word_1_471' title='bbox 1675 1455 1719 1485; x_wconf 84' lang='grc'>518</span> <span class='ocrx_word' id='word_1_472' title='bbox 1733 1455 1832 1486; x_wconf 80' lang='lat' dir='ltr'>admi-</span> 
     </span>
     <span class='ocr_line' id='line_1_74' title="bbox 1053 1503 1831 1548; baseline 0.009 -15"><span class='ocrx_word' id='word_1_473' title='bbox 1053 1503 1164 1534; x_wconf 83' lang='lat' dir='ltr'>nistret</span> <span class='ocrx_word' id='word_1_474' title='bbox 1181 1513 1232 1534; x_wconf 83' lang='lat' dir='ltr'>res</span> <span class='ocrx_word' id='word_1_475' title='bbox 1243 1528 1252 1541; x_wconf 90' lang='lat'>,</span> <span class='ocrx_word' id='word_1_476' title='bbox 1270 1514 1349 1544; x_wconf 84' lang='lat' dir='ltr'>quas</span> <span class='ocrx_word' id='word_1_477' title='bbox 1364 1505 1518 1543; x_wconf 79' lang='lat' dir='ltr'>condidit,</span> <span class='ocrx_word' id='word_1_478' title='bbox 1543 1511 1579 1536; x_wconf 90' lang='grc'>111</span> <span class='ocrx_word' id='word_1_479' title='bbox 1594 1516 1658 1538; x_wconf 89' lang='lat' dir='ltr'>non</span> <span class='ocrx_word' id='word_1_480' title='bbox 1674 1508 1831 1548; x_wconf 70' lang='lat' dir='ltr'>infringat</span> 
     </span>
     <span class='ocr_line' id='line_1_75' title="bbox 1052 1556 1826 1601; baseline 0.009 -15"><span class='ocrx_word' id='word_1_481' title='bbox 1052 1556 1153 1596; x_wconf 78' lang='lat' dir='ltr'>leges,</span> <span class='ocrx_word' id='word_1_482' title='bbox 1170 1567 1250 1597; x_wconf 82' lang='lat' dir='ltr'>quas</span> <span class='ocrx_word' id='word_1_483' title='bbox 1265 1557 1392 1596; x_wconf 60' lang='lat' dir='ltr'>indidit,</span> <span class='ocrx_word' id='word_1_484' title='bbox 1409 1561 1439 1588; x_wconf 86' lang='lat' dir='ltr'>et</span> <span class='ocrx_word' id='word_1_485' title='bbox 1459 1559 1503 1589; x_wconf 84' lang='lat' dir='ltr'>sic</span> <span class='ocrx_word' id='word_1_486' title='bbox 1518 1563 1706 1600; x_wconf 85' lang='lat' dir='ltr'>cooperetur</span> <span class='ocrx_word' id='word_1_487' title='bbox 1720 1562 1826 1601; x_wconf 89' lang='lat' dir='ltr'>rebus,</span> 
     </span>
     <span class='ocr_line' id='line_1_76' title="bbox 1053 1611 1829 1656; baseline 0.01 -17"><span class='ocrx_word' id='word_1_488' title='bbox 1053 1619 1134 1649; x_wconf 82' lang='lat' dir='ltr'>quas</span> <span class='ocrx_word' id='word_1_489' title='bbox 1154 1611 1291 1649; x_wconf 82' lang='lat' dir='ltr'>creavit,</span> <span class='ocrx_word' id='word_1_490' title='bbox 1308 1613 1344 1641; x_wconf 85' lang='lat' dir='ltr'>ut</span> <span class='ocrx_word' id='word_1_491' title='bbox 1368 1614 1475 1642; x_wconf 81' lang='lat' dir='ltr'>tamen</span> <span class='ocrx_word' id='word_1_492' title='bbox 1496 1621 1549 1642; x_wconf 88' lang='lat' dir='ltr'>eas</span> <span class='ocrx_word' id='word_1_493' title='bbox 1571 1622 1669 1653; x_wconf 78' lang='lat' dir='ltr'>agere</span> <span class='ocrx_word' id='word_1_494' title='bbox 1685 1616 1829 1656; x_wconf 89' lang='lat' dir='ltr'>proprios</span> 
     </span>
     <span class='ocr_line' id='line_1_77' title="bbox 1053 1664 1827 1708; baseline 0.009 -15"><span class='ocrx_word' id='word_1_495' title='bbox 1053 1665 1160 1694; x_wconf 86' lang='lat' dir='ltr'>motus</span> <span class='ocrx_word' id='word_1_496' title='bbox 1175 1664 1257 1694; x_wconf 84' lang='lat' dir='ltr'>sinat</span> <span class='ocrx_word' id='word_1_497' title='bbox 1275 1673 1282 1694; x_wconf 81' lang='lat' dir='ltr'><strong><em>z</em></strong></span> <span class='ocrx_word' id='word_1_498' title='bbox 1299 1666 1327 1694; x_wconf 83' lang='lat' dir='ltr'>et</span> <span class='ocrx_word' id='word_1_499' title='bbox 1344 1664 1414 1695; x_wconf 84' lang='lat' dir='ltr'>ideo</span> <span class='ocrx_word' id='word_1_500' title='bbox 1435 1665 1460 1695; x_wconf 89' lang='lat' dir='ltr'>si</span> <span class='ocrx_word' id='word_1_501' title='bbox 1479 1665 1617 1697; x_wconf 90' lang='lat' dir='ltr'>liberum</span> <span class='ocrx_word' id='word_1_502' title='bbox 1641 1668 1827 1708; x_wconf 81' lang='lat' dir='ltr'>arbitrium,</span> 
     </span>
     <span class='ocr_line' id='line_1_78' title="bbox 1052 1716 1830 1761; baseline 0.01 -15"><span class='ocrx_word' id='word_1_503' title='bbox 1052 1716 1091 1746; x_wconf 84' lang='lat' dir='ltr'>ad</span> <span class='ocrx_word' id='word_1_504' title='bbox 1107 1718 1282 1757; x_wconf 83' lang='lat' dir='ltr'>utrumque</span> <span class='ocrx_word' id='word_1_505' title='bbox 1304 1718 1452 1749; x_wconf 89' lang='lat' dir='ltr'>vertibile</span> <span class='ocrx_word' id='word_1_506' title='bbox 1475 1719 1513 1749; x_wconf 86' lang='lat' dir='ltr'>de</span> <span class='ocrx_word' id='word_1_507' title='bbox 1537 1719 1608 1759; x_wconf 80' lang='lat' dir='ltr'>lege</span> <span class='ocrx_word' id='word_1_508' title='bbox 1632 1723 1777 1761; x_wconf 84' lang='lat' dir='ltr'>naturae,</span> <span class='ocrx_word' id='word_1_509' title='bbox 1797 1724 1830 1754; x_wconf 90' lang='lat' dir='ltr'>in</span> 
     </span>
     <span class='ocr_line' id='line_1_79' title="bbox 1053 1770 1830 1814; baseline 0.01 -14"><span class='ocrx_word' id='word_1_510' title='bbox 1053 1770 1175 1801; x_wconf 85' lang='lat' dir='ltr'>malum</span> <span class='ocrx_word' id='word_1_511' title='bbox 1191 1771 1330 1801; x_wconf 83' lang='lat' dir='ltr'>dimittat</span> <span class='ocrx_word' id='word_1_512' title='bbox 1341 1771 1467 1810; x_wconf 77' lang='lat' dir='ltr'>cadere,</span> <span class='ocrx_word' id='word_1_513' title='bbox 1484 1772 1545 1803; x_wconf 89' lang='lat' dir='ltr'>hoc</span> <span class='ocrx_word' id='word_1_514' title='bbox 1559 1782 1623 1803; x_wconf 90' lang='lat' dir='ltr'>non</span> <span class='ocrx_word' id='word_1_515' title='bbox 1634 1776 1830 1814; x_wconf 81' lang='lat' dir='ltr'>permittitur</span> 
     </span>
     <span class='ocr_line' id='line_1_80' title="bbox 1051 1824 1827 1870; baseline 0.012 -17"><span class='ocrx_word' id='word_1_516' title='bbox 1051 1824 1112 1854; x_wconf 82' lang='lat' dir='ltr'>nisi</span> <span class='ocrx_word' id='word_1_517' title='bbox 1125 1825 1223 1864; x_wconf 85' lang='lat' dir='ltr'>juste.</span> <span class='ocrx_word' id='word_1_518' title='bbox 1250 1825 1388 1863; x_wconf 78' lang='lat' dir='ltr'>Rursus,</span> <span class='ocrx_word' id='word_1_519' title='bbox 1410 1828 1440 1856; x_wconf 87' lang='lat' dir='ltr'>et</span> <span class='ocrx_word' id='word_1_520' title='bbox 1463 1826 1489 1856; x_wconf 91' lang='lat' dir='ltr'>si</span> <span class='ocrx_word' id='word_1_521' title='bbox 1509 1836 1566 1866; x_wconf 89' lang='lat' dir='ltr'>per</span> <span class='ocrx_word' id='word_1_522' title='bbox 1589 1829 1728 1867; x_wconf 81' lang='lat' dir='ltr'>gratiam</span> <span class='ocrx_word' id='word_1_523' title='bbox 1746 1840 1827 1870; x_wconf 86' lang='lat' dir='ltr'>prae-</span> 
     </span>
     <span class='ocr_line' id='line_1_81' title="bbox 1051 1878 1825 1921; baseline 0.012 -14"><span class='ocrx_word' id='word_1_524' title='bbox 1051 1878 1159 1908; x_wconf 83' lang='lat' dir='ltr'>veniat</span> <span class='ocrx_word' id='word_1_525' title='bbox 1184 1881 1214 1908; x_wconf 88' lang='lat' dir='ltr'>et</span> <span class='ocrx_word' id='word_1_526' title='bbox 1240 1881 1417 1917; x_wconf 74' lang='lat' dir='ltr'>sustentet,</span> <span class='ocrx_word' id='word_1_527' title='bbox 1445 1880 1525 1910; x_wconf 88' lang='lat' dir='ltr'>nulli</span> <span class='ocrx_word' id='word_1_528' title='bbox 1551 1881 1704 1921; x_wconf 77' lang='lat' dir='ltr'>injuriam</span> <span class='ocrx_word' id='word_1_529' title='bbox 1729 1885 1825 1916; x_wconf 86' lang='lat' dir='ltr'>facit:</span> 
     </span>
     <span class='ocr_line' id='line_1_82' title="bbox 1051 1931 1828 1976; baseline 0.012 -15"><span class='ocrx_word' id='word_1_530' title='bbox 1051 1931 1122 1961; x_wconf 84' lang='lat' dir='ltr'>ideo</span> <span class='ocrx_word' id='word_1_531' title='bbox 1136 1941 1202 1962; x_wconf 88' lang='lat' dir='ltr'>non</span> <span class='ocrx_word' id='word_1_532' title='bbox 1223 1932 1293 1971; x_wconf 82' lang='lat' dir='ltr'>agit</span> <span class='ocrx_word' id='word_1_533' title='bbox 1308 1932 1441 1971; x_wconf 78' lang='lat' dir='ltr'>injuste,</span> <span class='ocrx_word' id='word_1_534' title='bbox 1459 1943 1517 1964; x_wconf 88' lang='lat' dir='ltr'>nec</span> <span class='ocrx_word' id='word_1_535' title='bbox 1532 1936 1666 1966; x_wconf 88' lang='lat' dir='ltr'>omnino</span> <span class='ocrx_word' id='word_1_536' title='bbox 1679 1938 1766 1976; x_wconf 81' lang='lat' dir='ltr'>juste</span> <span class='ocrx_word' id='word_1_537' title='bbox 1782 1948 1828 1970; x_wconf 86' lang='lat' dir='ltr'>se-</span> 
     </span>
     <span class='ocr_line' id='line_1_83' title="bbox 1051 1985 1829 2030; baseline 0.012 -16"><span class='ocrx_word' id='word_1_538' title='bbox 1051 1985 1193 2015; x_wconf 88' lang='lat' dir='ltr'>cundum</span> <span class='ocrx_word' id='word_1_539' title='bbox 1217 1985 1414 2024; x_wconf 76' lang='lat' dir='ltr'>exigentiam</span> <span class='ocrx_word' id='word_1_540' title='bbox 1440 1988 1645 2027; x_wconf 81' lang='lat' dir='ltr'>meritorum,</span> <span class='ocrx_word' id='word_1_541' title='bbox 1669 1991 1745 2030; x_wconf 87' lang='grc'>(11113</span> <span class='ocrx_word' id='word_1_542' title='bbox 1765 2001 1829 2024; x_wconf 86' lang='grc'>1118-</span> 
     </span>
     <span class='ocr_line' id='line_1_84' title="bbox 1050 2039 1828 2084; baseline 0.012 -16"><span class='ocrx_word' id='word_1_543' title='bbox 1050 2039 1111 2069; x_wconf 86' lang='lat' dir='ltr'>rita</span> <span class='ocrx_word' id='word_1_544' title='bbox 1135 2039 1174 2069; x_wconf 82' lang='lat' dir='ltr'>ad</span> <span class='ocrx_word' id='word_1_545' title='bbox 1197 2039 1258 2069; x_wconf 90' lang='lat' dir='ltr'>hoc</span> <span class='ocrx_word' id='word_1_546' title='bbox 1279 2048 1343 2070; x_wconf 90' lang='grc'>11011</span> <span class='ocrx_word' id='word_1_547' title='bbox 1367 2040 1549 2079; x_wconf 81' lang='lat' dir='ltr'>sufficiunt3</span> <span class='ocrx_word' id='word_1_548' title='bbox 1572 2042 1626 2073; x_wconf 89' lang='lat' dir='ltr'>sed</span> <span class='ocrx_word' id='word_1_549' title='bbox 1650 2045 1771 2084; x_wconf 81' lang='lat' dir='ltr'>gratis,</span> <span class='ocrx_word' id='word_1_550' title='bbox 1798 2050 1828 2077; x_wconf 88' lang='lat' dir='ltr'>et</span> 
     </span>
     <span class='ocr_line' id='line_1_85' title="bbox 1050 2092 1827 2138; baseline 0.013 -17"><span class='ocrx_word' id='word_1_551' title='bbox 1050 2092 1315 2131; x_wconf 83' lang='lat' dir='ltr'>misericorditer,</span> <span class='ocrx_word' id='word_1_552' title='bbox 1340 2096 1369 2123; x_wconf 88' lang='lat' dir='ltr'>et</span> <span class='ocrx_word' id='word_1_553' title='bbox 1397 2095 1536 2133; x_wconf 86' lang='lat' dir='ltr'>quodam</span> <span class='ocrx_word' id='word_1_554' title='bbox 1565 2097 1657 2127; x_wconf 86' lang='lat' dir='ltr'>modo</span> <span class='ocrx_word' id='word_1_555' title='bbox 1680 2099 1767 2138; x_wconf 86' lang='lat' dir='ltr'>juste</span> <span class='ocrx_word' id='word_1_556' title='bbox 1793 2101 1827 2130; x_wconf 91' lang='lat' dir='ltr'>in</span> 
     </span>
     <span class='ocr_line' id='line_1_86' title="bbox 1050 2148 1824 2186; baseline 0.013 -11"><span class='ocrx_word' id='word_1_557' title='bbox 1050 2148 1207 2185; x_wconf 83' lang='lat' dir='ltr'>quantum</span> <span class='ocrx_word' id='word_1_558' title='bbox 1227 2149 1273 2177; x_wconf 85' lang='lat' dir='ltr'>est</span> <span class='ocrx_word' id='word_1_559' title='bbox 1294 2156 1334 2177; x_wconf 81' lang='lat' dir='ltr'>ex</span> <span class='ocrx_word' id='word_1_560' title='bbox 1349 2148 1553 2180; x_wconf 83' lang='lat' dir='ltr'>condecentia</span> <span class='ocrx_word' id='word_1_561' title='bbox 1577 2150 1726 2182; x_wconf 81' lang='lat' dir='ltr'>honitatis</span> <span class='ocrx_word' id='word_1_562' title='bbox 1745 2163 1824 2186; x_wconf 86' lang='lat' dir='ltr'>suae.</span> 
     </span>
     <span class='ocr_line' id='line_1_87' title="bbox 1051 2199 1827 2244; baseline 0.012 -15"><span class='ocrx_word' id='word_1_563' title='bbox 1051 2199 1128 2229; x_wconf 92' lang='lat' dir='ltr'>Cum</span> <span class='ocrx_word' id='word_1_564' title='bbox 1145 2210 1224 2239; x_wconf 74' lang='lat' dir='ltr'>ergo</span> <span class='ocrx_word' id='word_1_565' title='bbox 1239 2201 1370 2231; x_wconf 79' lang='lat' dir='ltr'>damnat</span> <span class='ocrx_word' id='word_1_566' title='bbox 1386 2203 1416 2231; x_wconf 80' lang='grc'>81</span> <span class='ocrx_word' id='word_1_567' title='bbox 1431 2204 1594 2242; x_wconf 77' lang='lat' dir='ltr'>reprobat,</span> <span class='ocrx_word' id='word_1_568' title='bbox 1610 2208 1760 2244; x_wconf 81' lang='lat' dir='ltr'>operatur</span> <span class='ocrx_word' id='word_1_569' title='bbox 1781 2218 1827 2238; x_wconf 84' lang='lat' dir='ltr'>se-</span> 
     </span>
     <span class='ocr_line' id='line_1_88' title="bbox 1051 2253 1827 2298; baseline 0.012 -15"><span class='ocrx_word' id='word_1_570' title='bbox 1051 2253 1192 2283; x_wconf 84' lang='lat' dir='ltr'>cundnm</span> <span class='ocrx_word' id='word_1_571' title='bbox 1214 2255 1390 2293; x_wconf 59' lang='lat' dir='ltr'>justitiam</span> <span class='ocrx_word' id='word_1_572' title='bbox 1413 2257 1540 2295; x_wconf 84' lang='lat' dir='ltr'>quando</span> <span class='ocrx_word' id='word_1_573' title='bbox 1561 2267 1637 2288; x_wconf 77' lang='lat' dir='ltr'>vero</span> <span class='ocrx_word' id='word_1_574' title='bbox 1662 2261 1827 2298; x_wconf 64' lang='lat' dir='ltr'>praedesti-</span> 
     </span>
     <span class='ocr_line' id='line_1_89' title="bbox 1051 2308 1826 2354; baseline 0.012 -18"><span class='ocrx_word' id='word_1_575' title='bbox 1051 2309 1121 2344; x_wconf 81' lang='lat' dir='ltr'>nat,</span> <span class='ocrx_word' id='word_1_576' title='bbox 1138 2308 1315 2338; x_wconf 81' lang='lat' dir='ltr'>secundum</span> <span class='ocrx_word' id='word_1_577' title='bbox 1343 2309 1476 2347; x_wconf 80' lang='lat' dir='ltr'>gratiam</span> <span class='ocrx_word' id='word_1_578' title='bbox 1502 2313 1531 2340; x_wconf 86' lang='lat' dir='ltr'>et</span> <span class='ocrx_word' id='word_1_579' title='bbox 1554 2311 1826 2354; x_wconf 82' lang='lat' dir='ltr'>misericordiam,</span> 
     </span>
     <span class='ocr_line' id='line_1_90' title="bbox 1052 2361 1826 2406; baseline 0.01 -16"><span class='ocrx_word' id='word_1_580' title='bbox 1052 2369 1123 2399; x_wconf 82' lang='lat' dir='ltr'>quae</span> <span class='ocrx_word' id='word_1_581' title='bbox 1138 2370 1203 2391; x_wconf 88' lang='lat' dir='ltr'>non</span> <span class='ocrx_word' id='word_1_582' title='bbox 1217 2361 1355 2392; x_wconf 79' lang='lat' dir='ltr'>excludit</span> <span class='ocrx_word' id='word_1_583' title='bbox 1374 2363 1545 2401; x_wconf 80' lang='lat' dir='ltr'>justitiam.</span> <span class='ocrx_word' id='word_1_584' title='bbox 1564 2365 1643 2401; x_wconf 78' lang='lat' dir='ltr'>Quia</span> <span class='ocrx_word' id='word_1_585' title='bbox 1665 2375 1742 2406; x_wconf 79' lang='lat' dir='ltr'>ergo</span> <span class='ocrx_word' id='word_1_586' title='bbox 1757 2378 1826 2398; x_wconf 82' lang='lat' dir='ltr'>oni-</span> 
     </span>
     <span class='ocr_line' id='line_1_91' title="bbox 1051 2415 1828 2460; baseline 0.013 -17"><span class='ocrx_word' id='word_1_587' title='bbox 1051 2424 1124 2451; x_wconf 83' lang='grc'>1185,</span> <span class='ocrx_word' id='word_1_588' title='bbox 1145 2415 1320 2445; x_wconf 84' lang='grc'>5881111(111111</span> <span class='ocrx_word' id='word_1_589' title='bbox 1345 2417 1430 2455; x_wconf 84' lang='lat' dir='ltr'>quod</span> <span class='ocrx_word' id='word_1_590' title='bbox 1453 2417 1491 2448; x_wconf 89' lang='lat' dir='ltr'>de</span> <span class='ocrx_word' id='word_1_591' title='bbox 1515 2427 1618 2449; x_wconf 85' lang='lat' dir='ltr'>massa</span> <span class='ocrx_word' id='word_1_592' title='bbox 1643 2421 1828 2460; x_wconf 78' lang='lat' dir='ltr'>perditionis</span> 
     </span>
     <span class='ocr_line' id='line_1_92' title="bbox 1053 2462 1829 2514; baseline 0.012 -16"><span class='ocrx_word' id='word_1_593' title='bbox 1053 2462 1165 2505; x_wconf 74' lang='lat' dir='ltr'>erant,</span> <span class='ocrx_word' id='word_1_594' title='bbox 1190 2469 1347 2499; x_wconf 82' lang='lat' dir='ltr'>debebant</span> <span class='ocrx_word' id='word_1_595' title='bbox 1374 2470 1539 2509; x_wconf 76' lang='lat' dir='ltr'>damnari,</span> <span class='ocrx_word' id='word_1_596' title='bbox 1562 2473 1631 2504; x_wconf 89' lang='lat' dir='ltr'>ideo</span> <span class='ocrx_word' id='word_1_597' title='bbox 1652 2475 1759 2514; x_wconf 83' lang='lat' dir='ltr'>plures</span> <span class='ocrx_word' id='word_1_598' title='bbox 1783 2486 1829 2506; x_wconf 83' lang='lat' dir='ltr'>re-</span> 
     </span>
     <span class='ocr_line' id='line_1_93' title="bbox 1054 2522 1828 2567; baseline 0.012 -15"><span class='ocrx_word' id='word_1_599' title='bbox 1054 2522 1245 2561; x_wconf 78' lang='lat' dir='ltr'>probantur,</span> <span class='ocrx_word' id='word_1_600' title='bbox 1262 2532 1358 2562; x_wconf 77' lang='lat' dir='ltr'>quam</span> <span class='ocrx_word' id='word_1_601' title='bbox 1375 2523 1554 2563; x_wconf 75' lang='lat' dir='ltr'>eligantur,</span> <span class='ocrx_word' id='word_1_602' title='bbox 1575 2529 1611 2557; x_wconf 88' lang='lat' dir='ltr'>ut</span> <span class='ocrx_word' id='word_1_603' title='bbox 1625 2529 1828 2567; x_wconf 84' lang='lat' dir='ltr'>ostendatur,</span> 
     </span>
     <span class='ocr_line' id='line_1_94' title="bbox 1054 2575 1831 2622; baseline 0.012 -17"><span class='ocrx_word' id='word_1_604' title='bbox 1054 2575 1140 2615; x_wconf 89' lang='lat' dir='ltr'>quod</span> <span class='ocrx_word' id='word_1_605' title='bbox 1156 2576 1289 2605; x_wconf 79' lang='lat' dir='ltr'>salvatio</span> <span class='ocrx_word' id='word_1_606' title='bbox 1301 2578 1349 2606; x_wconf 84' lang='lat' dir='ltr'>est</span> <span class='ocrx_word' id='word_1_607' title='bbox 1364 2578 1539 2608; x_wconf 88' lang='lat' dir='ltr'>secundum</span> <span class='ocrx_word' id='word_1_608' title='bbox 1557 2581 1695 2618; x_wconf 86' lang='lat' dir='ltr'>gratiam</span> <span class='ocrx_word' id='word_1_609' title='bbox 1712 2583 1831 2622; x_wconf 86' lang='lat' dir='ltr'>specia-</span> 
     </span>
     <span class='ocr_line' id='line_1_95' title="bbox 1055 2629 1832 2674; baseline 0.012 -16"><span class='ocrx_word' id='word_1_610' title='bbox 1055 2629 1117 2658; x_wconf 91' lang='lat' dir='ltr'>lem</span> <span class='ocrx_word' id='word_1_611' title='bbox 1126 2653 1134 2666; x_wconf 90' lang='lat'>,</span> <span class='ocrx_word' id='word_1_612' title='bbox 1147 2629 1200 2659; x_wconf 89' lang='lat' dir='ltr'>sed</span> <span class='ocrx_word' id='word_1_613' title='bbox 1212 2629 1373 2660; x_wconf 81' lang='lat' dir='ltr'>damnatio</span> <span class='ocrx_word' id='word_1_614' title='bbox 1389 2632 1565 2663; x_wconf 90' lang='lat' dir='ltr'>secundum</span> <span class='ocrx_word' id='word_1_615' title='bbox 1575 2635 1734 2674; x_wconf 74' lang='lat' dir='ltr'>Justitiam</span> <span class='ocrx_word' id='word_1_616' title='bbox 1748 2645 1832 2666; x_wconf 86' lang='lat' dir='ltr'>com—</span> 
     </span>
     <span class='ocr_line' id='line_1_96' title="bbox 1056 2682 1833 2727; baseline 0.012 -16"><span class='ocrx_word' id='word_1_617' title='bbox 1056 2691 1199 2712; x_wconf 87' lang='lat' dir='ltr'>munem.</span> <span class='ocrx_word' id='word_1_618' title='bbox 1230 2682 1344 2713; x_wconf 83' lang='lat' dir='ltr'>Nullus</span> <span class='ocrx_word' id='word_1_619' title='bbox 1373 2693 1453 2723; x_wconf 87' lang='lat' dir='ltr'>ergo</span> <span class='ocrx_word' id='word_1_620' title='bbox 1483 2688 1583 2725; x_wconf 84' lang='lat' dir='ltr'>potest</span> <span class='ocrx_word' id='word_1_621' title='bbox 1613 2689 1763 2727; x_wconf 88' lang='lat' dir='ltr'>conqueri</span> <span class='ocrx_word' id='word_1_622' title='bbox 1795 2690 1833 2720; x_wconf 89' lang='lat' dir='ltr'>de</span> 
     </span>
    </p>

    <p class='ocr_par' dir='ltr' id='par_1_10' title="bbox 1676 2744 1712 2771">
     <span class='ocr_line' id='line_1_97' title="bbox 1676 2744 1712 2771; baseline 0 0"><span class='ocrx_word' id='word_1_623' title='bbox 1676 2744 1712 2771; x_wconf 80' lang='lat'>17</span> 
     </span>
    </p>
   </div>
   <div class='ocr_carea' id='block_1_9' title="bbox 1849 1035 1954 1151">
    <p class='ocr_par' dir='ltr' id='par_1_11' title="bbox 1849 1035 1954 1119">
     <span class='ocr_line' id='line_1_98' title="bbox 1849 1035 1951 1057; baseline 0 -1"><span class='ocrx_word' id='word_1_624' title='bbox 1849 1035 1951 1057; x_wconf 68' lang='lat' dir='ltr'>Voluntas</span> 
     </span>
     <span class='ocr_line' id='line_1_99' title="bbox 1858 1067 1954 1088; baseline 0 0"><span class='ocrx_word' id='word_1_625' title='bbox 1858 1067 1895 1088; x_wconf 64' lang='lat' dir='ltr'>livi</span> <span class='ocrx_word' id='word_1_626' title='bbox 1907 1067 1954 1088; x_wconf 77' lang='lat' dir='ltr'>esti-</span> 
     </span>
     <span class='ocr_line' id='line_1_100' title="bbox 1859 1100 1943 1119; baseline 0 0"><span class='ocrx_word' id='word_1_627' title='bbox 1859 1100 1943 1119; x_wconf 70' lang='grc'>81181551-</span> 
     </span>
    </p>

    <p class='ocr_par' dir='ltr' id='par_1_12' title="bbox 1879 1138 1920 1151">
     <span class='ocr_line' id='line_1_101' title="bbox 1879 1138 1920 1151; baseline -0.024 0"><span class='ocrx_word' id='word_1_628' title='bbox 1879 1138 1920 1151; x_wconf 42' lang='lat' dir='ltr'>ma&gt;</span> 
     </span>
    </p>
   </div>
   <div class='ocr_carea' id='block_1_10' title="bbox 1851 1841 1943 1924">
    <p class='ocr_par' dir='ltr' id='par_1_13' title="bbox 1851 1841 1943 1924">
     <span class='ocr_line' id='line_1_102' title="bbox 1851 1841 1940 1862; baseline -0.011 0"><span class='ocrx_word' id='word_1_629' title='bbox 1851 1841 1940 1862; x_wconf 42' lang='lat' dir='ltr'>Nux-lde</span> 
     </span>
     <span class='ocr_line' id='line_1_103' title="bbox 1851 1873 1937 1899; baseline 0.012 -7"><span class='ocrx_word' id='word_1_630' title='bbox 1851 1873 1894 1899; x_wconf 56' lang='lat' dir='ltr'>jus·</span> <span class='ocrx_word' id='word_1_631' title='bbox 1901 1874 1937 1893; x_wconf 75' lang='lat' dir='ltr'>itia</span> 
     </span>
     <span class='ocr_line' id='line_1_104' title="bbox 1851 1907 1943 1924; baseline -0.011 0"><span class='ocrx_word' id='word_1_632' title='bbox 1851 1907 1870 1924; x_wconf 81' lang='lat' dir='ltr'>el</span> <span class='ocrx_word' id='word_1_633' title='bbox 1883 1911 1943 1923; x_wconf 77' lang='lat' dir='ltr'>inise-</span> 
     </span>
    </p>
   </div>
   <div class='ocr_carea' id='block_1_11' title="bbox 1849 1935 1942 1987">
    <p class='ocr_par' dir='ltr' id='par_1_14' title="bbox 1849 1935 1942 1987">
     <span class='ocr_line' id='line_1_105' title="bbox 1849 1935 1942 1955; baseline 0.011 -1"><span class='ocrx_word' id='word_1_634' title='bbox 1849 1935 1942 1955; x_wconf 66' lang='lat' dir='ltr'>rirul&#39;dia</span> 
     </span>
     <span class='ocr_line' id='line_1_106' title="bbox 1871 1968 1917 1987; baseline -0.022 0"><span class='ocrx_word' id='word_1_635' title='bbox 1871 1968 1917 1987; x_wconf 64' lang='lat' dir='ltr'>Ili-i⁴</span> 
     </span>
    </p>
   </div>
  </div>
 </body>
</html>
