2003 3037
73 1542 165 1562 Excom-

65 1577 164 1591 munica-

61 1602 100 1623 tio.

761 222 875 255 PART.
902 224 925 255 J.
950 221 1058 253 secr.
1082 221 1217 254 XXthl.

181 289 267 321 tibus
287 289 473 331 poenitentia
485 313 493 328 ,
521 288 701 330 peregrinis
725 299 853 322 crucem
874 291 959 323 acci-

181 343 360 384 pientibus,
375 344 416 375 ob
430 343 644 376 reverentiam
658 344 815 384 crncifixi,
833 354 900 377 non
913 347 961 376 est

181 398 368 439 poenitentia
403 397 604 438 deneganda.
642 397 748 429 Potest
783 399 960 440 Episcopus

181 451 355 492 baptizatos
380 451 532 492 parvulos
559 451 751 483 confirmare
764 476 771 490 ,
799 452 898 484 semel
926 453 959 484 in

181 514 302 545 mense,
315 505 367 538 vel
376 504 569 546 septimana3
583 505 739 546 populum
754 505 960 538 interdictum

182 568 277 590 causa
294 559 527 600 praedicationis
540 559 580 590 ad
592 559 757 590 ecclesiam
770 569 958 592 convocare.

182 612 262 644 Item
277 613 507 653 morientibus,
533 614 559 644 si
576 613 673 653 digne
687 614 862 654 poeniteant
876 638 882 651 ‚
900 624 960 654 po-

181 668 242 698 test
256 666 457 698 Eucharistia
472 667 660 698 ministrari.
679 666 788 699 Clerici
804 668 960 700 deceden-

180 723 246 760 tes,
262 721 330 753 sine
346 721 525 762 pulsatione
541 731 772 762 campanarum
782 747 791 761 ,
808 723 961 754 cessanti-

180 775 242 806 bus
259 775 531 815 solemnitatibus,
550 785 624 807 curn
649 777 773 808 silentio
788 777 821 808 in
844 786 959 809 coeme-

180 830 261 861 terio
275 830 402 871 sepeliri
424 833 576 871 possunt,
597 832 624 862 si
646 831 728 863 bene
751 834 963 864 servaverunt

179 883 397 915 interdictum.
436 884 472 915 In
498 885 765 917 conventualibus
796 886 935 917 ecclesiis
953 910 960 924 ,

181 937 249 968 bini
264 938 316 970 vel
332 940 395 969 tres
409 938 508 970 simul
533 939 631 971 horas
646 939 815 970 canonicas
830 942 964 980 possunt

180 992 289 1032 legere
301 1017 309 1031 ,
326 1002 392 1024 non
409 995 539 1024 cantare
551 1018 559 1032 ,
580 994 690 1034 januis
710 993 840 1031 clausis,
862 996 894 1025 et
911 995 960 1024 in-

180 1047 320 1078 terdictis
335 1047 493 1085 exclusis;
510 1049 542 1078 et
554 1047 617 1078 hoc
630 1047 675 1078 ita
699 1047 850 1086 demisse,
875 1049 962 1088 quod

180 1100 322 1131 exterius
335 1110 402 1132 non
415 1101 537 1141 possint
552 1101 670 1133 audiri.
693 1101 742 1132 Ex
757 1111 822 1142 quo
837 1102 961 1142 colligi-

180 1156 245 1193 tur,
261 1155 346 1195 quod
361 1155 534 1194 interdicti,
545 1158 577 1187 et
589 1155 692 1187 multo
708 1156 823 1187 fortius
836 1165 963 1187 excom-

181 1209 336 1240 municati
345 1233 354 1248 ,
374 1218 440 1241 non
454 1210 571 1241 debent
585 1210 681 1241 horas
697 1211 782 1241 iutra
804 1211 845 1250 (a)
861 1210 958 1241 eccle-

181 1262 261 1294 siam
277 1263 466 1295 auscultare.
491 1263 654 1304 Plerisque
676 1266 781 1296 tamen
802 1264 963 1304 religiosis

181 1316 344 1348 indultum
356 1319 412 1356 est,
426 1317 580 1358 utjanuis
596 1317 720 1357 clausis,
739 1320 770 1349 et
787 1318 964 1349 interdictis

182 1371 320 1402 exclusis
340 1396 348 1410 ,
375 1371 497 1412 possint
521 1371 619 1403 simul
641 1372 802 1404 celebrare
826 1360 959 1404 divina:

183 1426 268 1465 quod
287 1425 382 1457 hodie
408 1426 447 1457 ad
466 1425 638 1467 Episcopos
671 1427 855 1459 extenditur
868 1451 876 1465 ,
903 1427 961 1458 nisi

183 1478 360 1520 specialiter
374 1480 418 1511 eis
434 1480 654 1520 prohibeatur.

223 1532 519 1565 Excommunicatio
535 1543 612 1565 vero
628 1537 675 1565 est
687 1535 964 1566 animadversione

185 1587 283 1627 gladii
295 1587 472 1627 spiritualis
482 1587 633 1619 Ecclesiae
644 1597 662 1619 a
673 1589 964 1619 communicatione

184 1643 459 1672 sacramentorum
482 1643 512 1672 et
535 1642 679 1673 fidelium
705 1643 874 1682 separatio.
900 1642 964 1673 Ex-

185 1695 483 1726 communicationis
505 1695 577 1726 duae
597 1698 671 1727 suut
695 1696 814 1737 species
841 1708 847 1727 ε
878 1706 962 1736 una,

185 1759 258 1789 quae
271 1749 387 1780 dicitur
403 1750 518 1789 major,
534 1749 709 1780 excludens
727 1759 744 1780 a
756 1750 965 1781 sacramentis

185 1806 216 1834 et
229 1803 385 1843 legitimis
402 1803 525 1834 actibus
539 1803 683 1834 fidelium
696 1828 703 1842 ,
726 1804 787 1835 hoc
806 1804 964 1836 versiculo

185 1857 425 1898 comprehensis
442 1866 449 1887 :

232 1940 275 1969 Os,
291 1945 377 1969 orare,
392 1939 463 1969 vale,
479 1938 637 1969 communio,
653 1945 741 1962 mensa
756 1940 873 1970 negatur.

226 2020 314 2057 Alia,
332 2029 404 2060 quae
427 2019 544 2050 dicitur
566 2019 682 2058 minor,
701 2029 853 2060 separans
873 2029 892 2050 a
914 2028 966 2050 sa-

187 2074 368 2105 cramentis.
396 2075 473 2105 Item
498 2074 787 2105 excommunicatio
815 2074 965 2114 quaedam

187 2128 349 2168 infligitur
374 2138 391 2158 a
411 2129 505 2167 jure,
532 2130 563 2158 et
577 2128 646 2158 haec
662 2131 708 2158 est
723 2129 942 2160 conservativa
955 2153 964 2168 ,

188 2183 264 2222 quia
276 2182 349 2212 licet
363 2182 509 2213 videatur
524 2191 592 2212 esse
611 2183 650 2212 ad
665 2182 842 2213 libertatem
860 2183 966 2214 Eccle-

188 2236 244 2267 siae
262 2235 515 2267 conservandam
530 2259 537 2273 ,
562 2235 771 2275 principalius
794 2239 899 2267 tamen
923 2240 968 2267 est

189 2290 229 2321 ad
246 2289 374 2329 culpam
396 2289 659 2329 praecavendam;
677 2290 826 2330 quaedam
843 2291 966 2330 infligi-

189 2346 243 2375 tur
257 2353 276 2374 a
287 2344 395 2383 judice
407 2368 414 2382 ‚
431 2343 539 2374 ethaeo
556 2346 603 2374 est
618 2344 762 2375 curativa
779 2356 785 2375 :
804 2354 879 2376 nam
895 2346 968 2376 licet

190 2398 337 2429 videatur
351 2408 417 2429 esse
437 2400 567 2438 propter
583 2399 751 2429 emendam
768 2400 946 2431 faciendam
959 2424 967 2437 ‚

190 2452 397 2493 principalius
409 2455 517 2483 tamen
532 2454 579 2483 est
592 2455 719 2493 propter
733 2454 968 2484 contumaciam

191 2506 466 2546 confringendam.
482 2506 579 2537 Poena
589 2507 776 2537 sustinentis
786 2517 970 2539 excommu-

191 2560 384 2591 nicationem
399 2563 446 2592 est
462 2561 642 2601 multiplex,
659 2571 732 2602 quae
750 2563 782 2593 in
799 2563 858 2593 hoc
875 2573 968 2594 versu

192 2614 371 2644 continetur
389 2625 395 2645 :

223 2694 308 2718 Gratia
326 2694 490 2724 subtrahitur,
504 2696 584 2726 magis
598 2703 628 2720 ac
643 2697 724 2727 inagis
737 2697 810 2721 obice
823 2700 906 2728 rupto,

225 2732 260 2754 De
276 2730 337 2754 vitio
353 2730 420 2754 cadit
435 2730 460 2754 in
474 2730 573 2761 vitium,
589 2732 709 2763 suffragia
723 2734 814 2763 perdit.

336 2784 411 2807 TOM.
436 2784 493 2806 vu.

1738 231 1796 260 365)

1049 290 1170 315 Ecclesiae
1185 291 1287 316 Satanae
1302 293 1435 318 vexandus
1452 293 1559 318 traditur
1572 294 1625 326 ille,

1048 326 1130 355 Quem
1144 326 1206 358 ligat
1221 334 1252 352 ex
1266 329 1377 359 propriis
1390 330 1561 355 anathematis
1575 330 1638 356 ultio
1653 331 1743 363 culpis.

1058 399 1304 431 Circumstantia
1319 410 1396 432 vero
1411 411 1613 442 praeservans
1627 413 1797 444 personam

1017 453 1260 494 participantem
1277 463 1352 486 cum
1368 457 1668 497 excommunicato,
1685 468 1726 490 ne
1746 469 1800 491 ex-

1017 507 1316 540 communicationis
1352 510 1483 543 vinculo
1511 512 1697 544 involvatur
1711 538 1719 553 ,
1752 517 1800 546 est

1017 561 1188 602 multiplex
1199 587 1209 601 ,
1225 565 1262 594 ut
1276 563 1327 594 his
1341 565 1489 597 versibus
1502 566 1684 598 continetur
1702 578 1708 598 :

1049 652 1124 683 Utile,
1138 653 1188 684 lex,
1203 654 1309 683 humile,
1324 662 1366 679 res
1382 655 1506 687 ignorata,
1522 663 1629 682 necesse
1645 665 1652 682 :

1050 689 1110 713 Haec
1121 689 1259 714 anathema
1271 690 1375 722 quidem
1386 691 1484 716 faciunt
1496 699 1529 717 ne
1541 693 1622 724 possit
1634 693 1736 718 obesse.

1065 778 1196 812 Utilitas
1215 782 1482 814 communicantis
1494 808 1501 822 ,
1520 786 1556 814 ut
1577 785 1706 825 quando
1725 785 1802 825 petit

1019 832 1104 872 quod
1119 833 1179 864 sihi
1191 834 1343 874 (lebetum
1356 838 1637 877 excommunicati,
1653 841 1690 869 ut
1701 847 1802 879 quau-

1019 886 1059 918 do
1074 897 1184 919 secum
1200 891 1313 920 tractat
1327 890 1366 922 de
1381 892 1584 923 correctione.
1604 893 1673 924 Lex·
1689 894 1800 924 matri-

1020 942 1131 980 monii,
1149 952 1221 982 quae
1234 943 1315 983 ligat
1328 945 1435 976 virum
1449 948 1480 976 et
1495 955 1641 978 uxorem.
1660 947 1800 986 Humde,

1020 998 1056 1026 ut
1072 996 1129 1026 filii
1144 1006 1208 1028 non
1223 999 1426 1039 emancipati,
1444 1001 1547 1039 servi,
1565 1001 1689 1032 ancillae
1702 1026 1710 1040 ,
1727 1011 1800 1032 rus-

1019 1049 1089 1088 tici,
1107 1051 1274 1092 mancipiis
1290 1055 1320 1084 et
1334 1054 1405 1084 aliis
1420 1055 1569 1086 obnoxiis
1593 1056 1725 1087 astricti.
1745 1057 1803 1088 Res

1020 1101 1184 1143 ignorata,
1210 1108 1246 1136 ut
1267 1107 1396 1146 quando
1419 1108 1560 1139 nescitur
1585 1118 1653 1141 esse
1672 1119 1802 1141 excom-

1021 1159 1218 1198 municatuS,
1235 1169 1310 1191 cum
1330 1171 1394 1202 quo
1416 1163 1636 1204 participatur.
1655 1165 1801 1204 Necesse,

1020 1214 1056 1242 ut
1080 1213 1263 1253 peregrini,
1285 1218 1316 1245 et
1340 1225 1514 1257 pauperes,
1542 1227 1578 1249 ac
1601 1219 1706 1250 caeteri
1731 1219 1801 1250 via-

1020 1268 1116 1297 tores.

1244 1375 1395 1410 SECTIO
1419 1377 1576 1412 XXVIII.

1040 1463 1078 1489 De
1093 1463 1194 1491 duabus
1213 1466 1314 1499 repulis
1333 1467 1499 1500 generalibus
1515 1469 1587 1495 circa
1605 1470 1784 1496 ean-communi-

1341 1513 1482 1539 cntionem.

1063 1588 1151 1620 Circa
1167 1592 1532 1624 excommunicationem
1550 1596 1625 1624 nota
1650 1594 1729 1625 duas
1756 1604 1802 1626 re-

1023 1642 1116 1681 gulas
1140 1644 1317 1682 generales.
1336 1644 1445 1677 Prima
1470 1649 1516 1678 est
1531 1647 1600 1679 haec
1619 1659 1625 1678 :
1651 1648 1798 1688 quicum-

1021 1705 1084 1736 que
1099 1696 1132 1727 in
1147 1697 1298 1729 clericum
1312 1723 1320 1736 ,
1338 1700 1388 1731 vel
1404 1701 1437 1731 in
1454 1710 1622 1741 personam
1638 1703 1802 1734 ecclesias-

1021 1750 1118 1781 ticam
1129 1775 1138 1789 ,
1157 1761 1272 1783 manus
1296 1753 1398 1794 injicit
1414 1756 1533 1787 temere
1547 1757 1703 1788 violentas
1717 1782 1723 1795 ,
1743 1767 1802 1788 ex-

1021 1806 1277 1838 communicatus
1300 1811 1356 1839 est.
1376 1809 1442 1840 Hoc
1456 1810 1535 1841 fallit
1556 1811 1588 1841 in
1606 1811 1801 1852 quatuorde-

1022 1859 1083 1889 cim
1094 1860 1229 1892 casibus.
1239 1861 1369 1893 Primus
1378 1866 1423 1894 est
1439 1864 1471 1894 in
1482 1868 1626 1905 apostata
1637 1875 1799 1906 percusso,

1023 1914 1078 1953 qui
1093 1914 1228 1945 clericus
1241 1915 1428 1956 ignoratum
1445 1919 1604 1950 secundus
1622 1922 1668 1950 est
1684 1920 1716 1950 in
1730 1929 1802 1960 apo-

1022 1969 1102 1998 stata
1116 1968 1280 2000 admonito
1291 1994 1299 2008 ,
1325 1980 1357 2001 se
1373 1980 1439 2002 non
1458 1973 1640 2012 corrigente
1656 1985 1663 2012 3
1690 1974 1803 2005 tertius

1023 2023 1070 2051 est
1091 2022 1125 2052 in
1157 2031 1194 2053 eo
1219 2023 1274 2063 qui
1298 2024 1382 2063 gerit
1411 2027 1670 2065 procurationem
1693 2030 1724 2059 ct
1747 2028 1804 2058 ad-

1024 2075 1292 2107 ministrationem
1325 2078 1530 2110 saecularium
1562 2090 1774 2120 personarum
1794 2094 1801 2120 3

1024 2132 1159 2169 quartus
1176 2133 1222 2161 est
1237 2131 1270 2161 in
1287 2141 1325 2162 eo
1344 2133 1399 2172 qui
1415 2143 1455 2164 ex
1478 2134 1547 2165 loco
1569 2136 1670 2175 injicit
1688 2146 1803 2168 manus

1024 2182 1056 2212 in
1070 2183 1239 2221 clericum;
1255 2185 1388 2224 quintus
1404 2187 1436 2217 in
1450 2189 1606 2227 magistro
1619 2214 1626 2227 ‚
1643 2190 1698 2230 qui
1710 2200 1804 2222 causa

1025 2236 1200 2276 discipliuae
1216 2238 1364 2269 verberat
1390 2240 1560 2280 clericum3
1583 2245 1693 2275 sextus
1713 2244 1746 2274 in
1767 2254 1804 2276 eo

1026 2290 1081 2329 qui
1100 2291 1166 2320 vim
1190 2291 1249 2321 sibi
1280 2292 1400 2324 illatam
1423 2304 1441 2325 a
1467 2295 1580 2327 clerico
1606 2298 1637 2327 vi
1664 2299 1803 2339 repellit;

1026 2344 1179 2382 septimus
1205 2346 1238 2376 in
1270 2355 1307 2377 eo
1337 2348 1392 2386 qui
1414 2349 1565 2381 clericum
1598 2352 1806 2392 deprehendit

1854 1888 1924 1907 Casus

1832 1918 1858 1938 ab
1870 1924 1908 1938 ex-

1822 1955 1921 1969 commu<

1843 1983 1902 2003 nica-

1818 2015 1878 2036 tione
1889 2021 1926 2035 ex-

1819 2046 1875 2072 cepti
1902 2046 1923 2065 in

1833 2077 1906 2098 cleriei

1826 2115 1917 2136 percus-

1828 2142 1898 2162 sione.

1027 2407 1101 2429 cum
1126 2408 1241 2438 uxore,
1272 2404 1374 2433 matre
1392 2428 1399 2441 ,
1427 2404 1477 2435 vel
1502 2414 1610 2436 sorore
1630 2430 1637 2444 ,
1663 2410 1718 2438 aut
1742 2408 1828 2438 tilia'

1027 2453 1244 2492 commisceri;
1274 2458 1405 2487 octavus
1432 2458 1464 2488 in
1484 2468 1521 2489 eo
1543 2461 1600 2500 qui
1620 2462 1807 2493 auctoritate

1027 2516 1095 2538 suae
1110 2508 1321 2547 praelationis,
1348 2511 1399 2541 vel
1425 2512 1462 2542 de
1488 2515 1638 2546 mandato
1662 2516 1804 2556 praelati‚

1028 2570 1141 2592 manus
1160 2562 1260 2602 injicit
1276 2564 1309 2593 in
1329 2564 1499 2605 clericum3
1517 2577 1622 2599 nonus
1646 2570 1679 2600 in
1700 2572 1808 2601 senio-

1027 2613 1119 2644 ribus
1133 2614 1300 2654 Ecclesiae;
1317 2617 1461 2649 decimus
1476 2620 1510 2650 in
1527 2621 1665 2653 dominis
1681 2634 1688 2661 3
1706 2625 1806 2655 unde-

1029 2668 1131 2700 cimus
1146 2669 1181 2699 in
1200 2670 1345 2708 patribus
1365 2673 1521 2713 familias;
1543 2676 1752 2709 duodecimus
1776 2680 1809 2711 iu

1063 2732 1094 2761 (a)
1115 2732 1176 2755 Coet.
1191 2733 1251 2757 edit.
1269 2737 1350 2759 extra.

1632 2789 1668 2819 ⁶24
