2003 3037
768 178 886 212 PART.
910 178 934 210 I.
957 176 1064 211 SEc'r.
1087 175 1192 209 XXIV.

148 289 155 298 ,
179 255 278 294 fraus,
301 244 442 291 furtum,
455 249 559 292 turpis
581 247 663 280 lueri
680 246 858 288 appetitus,
878 245 955 278 falsa

105 584 167 606 uul-

60 615 162 639 diffinitio

179 307 371 347 testimonia,
386 303 554 343 violentia,
569 301 799 340 inhumanitas,
814 302 846 332 et
860 308 952 340 rapa-

180 362 272 394 citas.

415 421 564 459 SECTIO
592 419 716 455 XXIII.

499 499 537 526 De
557 497 638 526 Gula.

221 574 374 616 Sequitur
401 572 510 605 videre
540 571 580 604 de
615 569 694 610 gula
725 569 883 609 quantum
915 567 956 599 ad

182 630 329 670 quatuor,
347 626 465 659 scilicet
481 627 639 666 quantum
661 622 700 654 ad
720 621 954 658 diffinitionem,

181 681 425 723 oppositionem,
451 677 663 715 differentias,
689 677 721 706 et
746 674 838 705 filias.
867 673 956 704 Diffi-

179 735 269 767 nitur
282 736 389 766 autem
405 732 484 773 gula
505 731 662 772 quantum
683 728 723 760 ad
742 736 907 759 excessum
923 727 956 757 iu

180 787 250 819 cibo
259 787 304 818 sic
317 796 324 816 :
341 785 420 818 Gula
429 787 477 816 est
487 783 716 815 immoderatus
725 790 816 812 amor
829 779 954 811 edendi.

181 839 343 878 Quantum
359 847 436 870 vero
455 838 495 869 ad
516 844 682 868 excessum
698 835 731 865 in
747 836 825 874 potu
839 833 957 865 dicitur

181 893 315 924 ebrietas
325 917 333 931 ‚
349 901 446 933 quam
461 890 578 922 diffinit
591 889 710 920 Seneca
724 889 733 905 ¹
749 887 793 918 sie
810 898 817 918 z
843 898 857 916 α
871 886 956 918 Nihil

181 947 267 979 aliud
296 947 418 978 diffinio
446 945 643 980 ebrietatem,
675 951 772 983 quam
800 940 956 971 insaniam

166 999 409 1032 >voluntariam
432 1009 447 1027 n
467 997 629 1036 Quantum
642 1003 720 1027 vero
737 995 776 1026 ad
790 1002 955 1025 excessum

181 1053 242 1084 cibi
263 1055 294 1084 et
315 1054 425 1093 potus,
441 1051 484 1082 sic
505 1051 608 1091 potest
629 1048 758 1080 diffiniri
775 1058 782 1078 z
808 1046 887 1078 Gula
911 1049 958 1078 est

182 1106 410 1138 immoderatus
423 1113 514 1136 amor
529 1102 687 1134 elementi.
703 1101 780 1132 Item
795 1101 859 1132 sie:
877 1101 958 1131 Gula

182 1160 229 1190 est
252 1158 483 1190 immoderatus
506 1165 597 1188 amor
624 1154 839 1187 delectationis
865 1155 956 1193 ejus,

182 1221 256 1252 quae
269 1214 317 1243 est
331 1211 415 1243 cirea
428 1211 481 1242 vel
497 1210 672 1242 secundum
689 1210 834 1248 gustum.

223 1266 406 1297 Secundum
431 1265 492 1296 hoc
517 1265 595 1304 gula
619 1265 722 1304 potest
743 1262 828 1293 sumi
852 1261 958 1292 stricte

184 1329 240 1359 pro
256 1319 502 1350 immoderantia
516 1318 550 1349 in
571 1317 657 1355 cibo,
677 1319 707 1347 et
728 1316 772 1346 sic
787 1314 958 1355 opponitur

183 1373 211 1404 ei
235 1373 450 1413 pareimonia;
473 1372 524 1403 vel
547 1371 636 1410 large
653 1371 755 1410 potest
779 1368 877 1408 accipi
901 1377 958 1408 pro

183 1426 428 1458 immoderantia
441 1425 475 1456 in
490 1425 560 1455 cibo
574 1426 604 1455 et
619 1425 695 1464 potu
715 1422 849 1463 pariter,
868 1424 900 1452 et
914 1422 960 1453 sie

184 1479 356 1520 opponitur
376 1479 405 1510 ei
428 1478 582 1510 sobrietas
592 1501 602 1516 ,
618 1485 691 1517 quae
706 1475 838 1507 modum
853 1477 959 1506 servat

160 1545 164 1548 ⁴
183 1533 217 1564 in
231 1534 379 1572 utroque.

222 1585 413 1616 Differentiae
430 1584 497 1616 sive
512 1583 708 1614 conditiones
722 1581 809 1621 gulae
820 1605 827 1618 ‚
844 1591 956 1612 seeun-

182 1639 261 1670 dum
278 1638 433 1669 lsidorum
443 1639 454 1654 ²
464 1661 474 1676 ,
491 1639 566 1668 sunt
578 1639 724 1676 quatuor,
740 1636 856 1666 scilicet
870 1636 943 1676 quid
949 1659 958 1674 ‚

183 1693 361 1731 quantum,
393 1690 535 1730 quando,
577 1688 747 1729 quomodo.
786 1689 881 1726 Quid,
919 1689 958 1720 ad

184 1745 287 1784 ipsam
302 1753 370 1775 rem
391 1743 547 1783 pertinet;
573 1741 715 1782 quando,
739 1741 763 1772 si
783 1744 855 1772 ante
878 1742 953 1781 legi-

184 1798 302 1828 timum
327 1800 450 1837 tempus
473 1797 619 1836 appetat;
645 1798 819 1835 quantum,
837 1795 875 1825 ad
895 1795 959 1826 im-

185 1851 417 1883 moderantiam
433 1850 587 1887 resertur;
615 1847 788 1888 quomodo,
813 1849 839 1878 si
863 1849 959 1879 nimis

184 1905 330 1936 ardenter
343 1906 479 1944 appetat.
495 1902 676 1934 Secundum
692 1902 820 1932 beatum
835 1902 955 1941 Grego—

183 1959 269 1989 rium
283 1958 294 1975 ³
304 1981 312 1995 ‚
329 1959 405 1988 sunt
417 1957 559 1997 quinque
573 1955 770 1993 differentiae,
788 1955 849 1986 hoo
864 1964 959 1986 versu

184 2011 421 2051 comprehensae
439 2021 445 2042 :

232 2092 407 2122 Proepropere,
424 2090 500 2120 laute,
512 2089 599 2119 nimis,
613 2089 742 2120 ardenter,
757 2089 879 2114 studiose.

224 2171 442 2211 Praepropere,
461 2170 596 2210 pertinet
614 2170 654 2200 ad
668 2170 882 2209 sumptionem
898 2169 958 2200 eibi

185 2222 257 2250 ante
281 2222 426 2260 tempus;
449 2219 554 2256 laute,
578 2218 715 2258 pertinet
737 2217 776 2248 ad
799 2218 859 2248 cibi
883 2218 957 2248 sub-

185 2275 352 2313 stantiam,
382 2282 456 2305 cum
481 2273 598 2303 scilieet
626 2281 666 2303 ex
692 2281 725 2302 se
750 2272 906 2311 pretiosus
929 2276 960 2303 et

185 2329 338 2360 delicatus
352 2331 416 2366 est;
440 2328 556 2364 nimis,
581 2326 620 2357 ad
643 2325 703 2356 cibi
729 2326 956 2365 quantitatem;

185 2382 346 2420 ardenter,
360 2381 534 2412 attenditur
548 2389 588 2410 ex
604 2381 691 2419 parte
704 2378 878 2417 affectivae;
894 2383 960 2411 stu-

185 2436 289 2474 diosc,
306 2445 346 2466 ex
366 2436 454 2475 parte
478 2433 660 2472 cognitivae.
682 2431 766 2462 Duas
790 2432 864 2463 istas
882 2433 956 2463 ulti-

185 2498 254 2520 mas
277 2487 473 2520 differentias
493 2486 668 2517 seeundum
691 2485 819 2516 beatum
839 2485 957 2525 Grego-

218 2553 223 2565 ¹
236 2553 336 2581 senec„
354 2552 438 2583 Epist.
453 2550 487 2574 ad
499 2549 592 2579 Lucil„
606 2549 678 2580 epist.
697 2555 807 2573 Lxxxni.
823 2563 853 2567 —
867 2550 875 2564 ²
888 2551 957 2586 isid„

185 2587 263 2618 Seni„
283 2588 325 2611 tib,
347 2588 381 2616 Η,
398 2595 420 2611 c.
436 2592 500 2611 xm.
518 2600 542 2603 -
564 2585 574 2601 ³
590 2586 677 2616 Greg.5
695 2585 796 2615 Momm,
812 2585 856 2610 lib.
875 2587 958 2618 XXX,

186 2629 208 2646 c.
229 2628 287 2646 xm.
303 2635 332 2639 —
354 2623 364 2638 ⁴
384 2622 458 2652 thid„
477 2622 520 2645 lib.
542 2622 630 2651 XXXI,
650 2628 672 2645 c.
694 2626 758 2644 xv11.
775 2634 804 2639 —
824 2622 834 2638 θ
850 2622 917 2652 isid„
934 2624 957 2646 ιἰι

186 2658 269 2688 Dent„
282 2664 303 2681 e.
319 2663 371 2682 xvn.

1728 173 1786 205 865

1007 244 1094 276 rium
1107 246 1136 283 ⁴,
1164 242 1224 275 suh
1251 242 1323 282 illa,
1352 250 1426 283 quae
1453 242 1501 272 est
1532 241 1647 281 quarto
1669 239 1786 279 modo,

1009 296 1219 339 apprehendit
1236 296 1386 328 Isidorus.

1050 352 1199 392 Quinque
1219 353 1296 382 sunt
1313 351 1388 382 ssliae
1410 350 1498 390 gulae
1519 348 1695 381 seeundum
1709 347 1787 380 Gre-

1011 405 1140 446 gorium
1153 429 1162 444 ,
1177 404 1295 435 scilicet
1314 403 1421 444 inepta
1439 403 1550 435 laetitia
1561 427 1570 442 ‚
1591 401 1786 441 scurrilitas,

1010 458 1230 497 immunditia,
1248 457 1500 498 multiloquium,
1517 455 1677 487 hebetudo
1696 464 1786 487 men-

1010 513 1050 544 tis
1074 512 1125 544 vel
1149 521 1262 544 sensus
1286 511 1369 543 eirca
1397 509 1654 550 intelligentiam.
1677 509 1788 550 Inepta

1010 565 1120 598 laetitia
1147 567 1194 597 est
1223 565 1372 596 voluntas
1403 573 1458 605 per
1489 563 1664 595 exteriores
1699 562 1790 594 lusus

1010 620 1151 651 excitans
1164 619 1330 650 libidinem
1345 618 1378 649 in
1391 620 1502 657 gustu,
1517 618 1549 648 et
1562 626 1603 647 ex
1618 616 1687 656 ipsa
1701 618 1787 656 post-

1011 673 1144 704 modum
1158 672 1303 703 excitata.
1318 670 1501 702 Scurrilitas
1513 671 1561 701 est
1571 669 1721 700 voluntas
1733 678 1790 709 per

1011 726 1109 757 verba
1140 725 1281 757 carnalia
1307 723 1473 755 libidinem
1506 724 1623 763 gustus
1651 731 1788 754 commo-

1010 787 1100 817 vens,
1123 780 1208 809 etex
1225 778 1293 817 ipsa
1313 776 1518 818 postmodum
1540 778 1708 806 commota.
1727 774 1788 806 Im-

1013 831 1170 863 munditia
1179 833 1226 862 est
1238 830 1396 869 voluntas,
1410 839 1466 870 per
1478 829 1612 860 nimiam
1627 828 1689 859 cibi
1704 837 1790 860 sum-

1011 885 1172 925 ptionem,
1202 884 1365 915 libidinem
1402 884 1434 914 in
1469 885 1569 923 gustu
1603 882 1790 913 continuare

1011 939 1203 971 desiderans.
1230 937 1467 978 Multiloquium
1490 939 1536 967 est
1555 937 1714 973 voluntas,
1734 944 1791 975 per

1013 992 1310 1032 multiplicationem
1341 991 1533 1029 verborum,
1558 989 1726 1020 intendens
1757 989 1790 1019 in

1014 1049 1113 1086 gustu
1128 1054 1316 1077 conservare
1331 1044 1505 1075 libidinem.
1524 1043 1689 1075 Hebetudo
1705 1052 1791 1073 men-

1013 1100 1053 1131 tis
1083 1102 1131 1131 est
1158 1099 1308 1130 voluntas
1339 1097 1469 1129 libidine
1497 1097 1538 1137 (a)
1567 1096 1791 1128 conservandae

1012 1152 1152 1193 propriae
1176 1151 1281 1183 carnis
1305 1151 1471 1191 absorpta,
1493 1149 1671 1189 intelligere
1694 1149 1790 1189 spiri-

1013 1206 1111 1237 tualia
1125 1205 1296 1236 fastidiens.
1314 1203 1498 1235 Secundum
1512 1202 1669 1234 Isidorum
1681 1203 1702 1242 ⁸,
1717 1202 1790 1233 duae

1013 1263 1089 1291 sunt
1126 1259 1201 1290 filiae
1236 1258 1338 1298 gulae,
1378 1257 1494 1288 seilicet
1528 1257 1734 1294 comessatio,
1761 1259 1792 1286 et

1013 1314 1168 1350 ebrietas,
1194 1322 1331 1353 quarum
1359 1321 1423 1343 una
1448 1311 1482 1341 in
1507 1311 1577 1342 cibo
1601 1310 1788 1348 attenditur,

1014 1367 1075 1398 alia
1089 1367 1122 1397 in
1139 1369 1226 1406 potu.

1250 1463 1399 1500 SECTIO
1429 1465 1552 1499 XXIV.

1306 1553 1344 1578 De
1362 1552 1492 1578 Luoeuria.

1055 1637 1208 1676 sequitur
1230 1635 1338 1667 videre
1359 1636 1397 1666 de
1419 1635 1549 1666 luxuria
1570 1636 1727 1674 quantum
1749 1634 1789 1665 ad

1015 1690 1258 1728 diffinitionem,
1283 1689 1531 1729 oppositionem,
1563 1688 1786 1726 tentationem,
1821 1704 1842 1722 ,-

1015 1743 1218 1781 differentias,
1233 1744 1265 1773 et
1278 1742 1369 1773 filias.
1386 1741 1546 1772 Diflinitur
1560 1741 1605 1771 sic
1623 1752 1630 1771 :
1647 1741 1789 1771 Luxuria

1015 1799 1063 1828 est
1076 1796 1254 1827 libidinosae
1270 1795 1444 1835 voluptatis
1458 1795 1627 1835 appetitus.
1641 1794 1720 1825 Item
1731 1794 1789 1824 sic:

1015 1850 1159 1881 Luxuria
1193 1852 1240 1880 est
1274 1849 1526 1889 concupiscentia
1561 1848 1661 1878 nimia
1695 1857 1792 1888 expe-

1015 1905 1135 1934 riendae
1163 1903 1346 1943 voluptatis.
1375 1902 1452 1933 Item
1476 1903 1542 1933 sie:
1574 1901 1718 1932 Luxuria
1746 1904 1793 1931 est

1016 1957 1214 1988 inordinatus
1241 1956 1400 1996 appetitus
1435 1955 1520 1985 illius
1556 1954 1790 1991 delectationis,

1015 2019 1089 2050 quae
1104 2012 1150 2041 est
1164 2009 1341 2041 secundum
1359 2009 1489 2039 coitum.

1057 2064 1234 2104 Opponitur
1261 2066 1369 2094 autem
1403 2062 1533 2092 luxuria
1565 2061 1767 2092 continentia}
1783 2084 1790 2097 ,

1016 2118 1108 2158 cujus
1124 2117 1237 2157 triplex
1253 2118 1300 2147 est
1315 2115 1502 2147 differentia.
1519 2115 1572 2146 Est
1587 2115 1672 2145 enim
1689 2114 1790 2145 eonti-

1016 2171 1124 2202 nentia
1137 2169 1327 2209 conjugalis,
1345 2169 1491 2206 vidualis,
1507 2171 1538 2198 et
1554 2167 1732 2206 virginalis.

1057 2223 1250 2263 Quintuplex
1275 2224 1382 2253 autem
1407 2222 1538 2252 tentatio
1563 2223 1610 2251 est
1632 2221 1788 2259 luxuriae,

1015 2277 1189 2308 secundum
1205 2275 1291 2315 quod
1305 2275 1339 2305 in
1354 2275 1414 2305 hoc
1429 2284 1524 2305 versu
1538 2275 1717 2306 continetur
1731 2286 1736 2305 :

1833 2231 1912 2252 Tenta-

1815 2262 1894 2282 tiones.

1047 2357 1134 2387 Visus,
1145 2358 1170 2380 et
1180 2355 1329 2386 alloquium,
1340 2356 1481 2384 contaetus,
1495 2356 1520 2378 et
1530 2354 1625 2384 oscula,
1636 2354 1738 2378 factum.

1056 2437 1121 2468 Hoc
1136 2437 1254 2476 quippe
1275 2436 1385 2467 ordine
1405 2435 1535 2466 tentatio
1559 2435 1697 2465 luxuriae
1713 2440 1790 2465 con-

1015 2493 1205 2522 summatur.
1232 2489 1339 2521 Primo
1361 2489 1446 2519 enlm
1471 2488 1639 2519 inchoatur
1663 2488 1697 2518 in
1720 2488 1789 2517 visu

1015 2543 1176 2581 exteriori,
1198 2543 1266 2574 sive
1290 2541 1444 2579 interiori,
1470 2544 1505 2572 ut
1525 2542 1557 2572 in
1577 2541 1788 2580 cogitatione3

1015 2597 1126 2627 deinde
1152 2596 1280 2626 venitur
1297 2595 1335 2625 ad
1360 2594 1533 2634 alloquium
1549 2606 1555 2632 ;
1574 2597 1681 2634 postea
1701 2596 1789 2624 tran-

1046 2660 1079 2689 (α)
1098 2659 1158 2682 Caet.
1175 2658 1236 2681 edit.
1252 2657 1370 2682 libidinis.
