2003 3037
197 190 257 230 342

196 256 282 289 salus
295 256 387 296 facta,
403 265 502 297 quam
512 257 661 298 jucunda
673 261 721 291 est
731 259 829 299 salus,
845 267 920 300 quae
934 259 977 290 fe-

196 309 239 342 cit
251 318 383 342 omnem
391 309 542 342 saluteml
553 309 588 343 Si
599 312 747 344 amabilis
760 315 808 345 est
821 312 979 354 sapientia

195 363 231 395 in
239 363 423 403 cognitione
432 372 544 396 rerum
549 365 770 406 conditarum,
783 375 884 408 quam
890 374 978 397 ama-

194 415 268 447 bilis
281 417 330 448 est
342 416 500 458 sapientia
512 427 587 459 quae
607 419 719 451 omnia
733 419 842 452 condit
863 428 906 450 ex
923 419 977 450 ni-

194 469 276 501 hilo!
293 469 436 512 Denique
450 470 479 502 si
501 471 614 504 multae
636 475 669 505 et
689 482 822 514 magnae
841 473 977 506 delecta-

194 522 298 555 tiones
308 524 432 556 suntin
445 524 544 557 rebus
557 525 810 566 delectabilibus,
828 526 933 568 qualis
947 529 979 558 et

195 578 317 618 quanta
338 579 386 610 est
406 577 573 612 delectatio
590 580 626 612 in
646 580 716 620 illo,
739 581 795 621 qui
817 580 891 612 iecit
910 580 979 622 ipsa

199 630 410 663 delectabilia!

241 696 256 715 ιι
270 686 280 704 ¹
297 684 359 723 Qui
372 685 434 718 hoc
447 686 532 719 bono
546 687 682 727 fruetur,
704 688 783 730 quid
797 687 842 720 illi
857 687 932 727 erit,
949 691 981 720 et

197 738 274 779 quid
289 738 335 770 illi
349 748 416 772 non
425 740 486 772 erit
493 741 509 772 ¹?
519 740 609 774 Certe
618 741 776 783 quidquid
790 742 886 780 volet,
901 742 978 782 erit;

197 793 229 825 et
242 792 328 833 quod
341 793 430 826 nolet
437 803 518 835 esse,
530 804 596 827 non
608 796 679 827 erit.
693 795 740 827 lbi
749 796 872 836 quippe
883 799 981 828 erunt

197 846 283 878 bona
296 847 439 889 corporis
451 850 482 880 et
502 848 634 888 animae,
653 849 763 890 qualia
776 850 787 866 ²
801 857 858 882 nec
870 850 981 883 oculus

197 900 304 941 vidit,
327 909 384 934 nec
407 903 500 936 auris
521 903 672 942 audivit,
691 911 747 936 nec
768 911 822 936 cor
840 903 982 937 hominis

198 956 366 996 coartavit.
383 955 447 988 Cur
460 965 542 997 ergo
557 966 614 998 per
636 956 741 989 multa
755 958 904 998 vagaris,
920 958 981 990 ho-

199 1009 342 1048 muncio,
357 1009 532 1051 quaerendo
547 1010 633 1042 hona
646 1010 766 1043 animae
784 1013 850 1043 tuae
865 1014 896 1044 et
909 1020 982 1043 cor-

199 1062 286 1104 poris
299 1064 366 1095 tui?
386 1063 469 1095 Ama
483 1073 589 1096 unum
605 1065 725 1096 bonum
738 1089 746 1103 ‚
770 1066 804 1097 iu
819 1075 884 1106 quo
907 1068 984 1098 sunt

200 1116 310 1149 omnia
323 1117 419 1156 bona,
429 1118 460 1149 et
475 1117 603 1149 sufficit.-
620 1117 768 1150 Desidera
779 1119 916 1160 simplex
931 1121 984 1152 bo-

201 1180 300 1210 num,
323 1170 411 1212 quod
429 1173 476 1203 est
490 1179 586 1203 omne
605 1171 745 1211 bonum,
771 1175 802 1204 et
827 1174 904 1205 satis
924 1176 982 1206 est.

202 1223 284 1263 Quid
301 1224 388 1256 enim
412 1233 512 1264 amas,
529 1234 604 1256 caro
619 1235 702 1265 mea,
719 1227 797 1267 quid
811 1226 983 1267 desideras,

202 1278 312 1310 anima
326 1278 420 1310 mea?
440 1278 487 1310 lbi
505 1281 553 1310 est
568 1279 725 1320 quidquid
743 1280 875 1319 amatis,
891 1281 985 1322 quid-

203 1331 280 1373 quid
299 1331 496 1363 desideratis.
519 1332 551 1364 Si
574 1332 708 1364 delectat
728 1334 934 1374 pulchritudo
949 1336 959 1353 ³
975 1346 982 1366 ;

203 1385 384 1427 Fulqebimt
399 1386 486 1427 justi
500 1386 585 1418 sicut
602 1386 670 1419 Sol.
690 1386 724 1418 Si
745 1388 906 1427 velocitas,
931 1392 986 1421 aut

203 1438 367 1478 fortitudo,
383 1441 439 1471 aut
452 1439 585 1471 libertas
599 1440 753 1481 corporis,
770 1441 821 1472 cui
837 1442 918 1473 nihil
933 1443 987 1474 ob-

204 1492 315 1524 sistere
331 1492 432 1533 possit
444 1493 454 1509 ⁸
471 1503 477 1523 :
496 1493 602 1526 Erunt
625 1494 748 1527 similes
767 1497 893 1536 anqelc's
908 1497 965 1529 Dei
975 1507 985 1529 :

205 1545 281 1587 quia
293 1547 303 1563 ⁸
317 1547 498 1579 seminatur
519 1555 633 1588 corpus
650 1549 790 1581 animale
801 1574 811 1588 ,
834 1553 863 1582 el
878 1558 986 1583 resur-

204 1602 255 1640 yet
267 1607 382 1641 corpus
395 1602 567 1641 spirituale
579 1626 587 1639 ‚
604 1604 757 1642 potestate
778 1604 905 1645 utique,
922 1614 987 1636 non

204 1655 331 1685 natura.
345 1653 378 1685 Si
390 1654 491 1695 longa
504 1657 534 1687 et
548 1656 685 1687 salubris
695 1657 772 1695 vita,
784 1657 828 1688 ibi
840 1659 900 1689 erit
911 1668 988 1691 sana

204 1708 377 1746 aeternitas,
394 1710 425 1740 et
439 1711 560 1741 aeterna
580 1711 715 1748 saniias3
732 1711 807 1751 quia
822 1712 832 1728 ⁰
847 1713 935 1753 ,justi
951 1715 987 1746 in

203 1764 390 1802 perpetuum
405 1764 526 1802 vivent,
543 1766 590 1794 et⁷
606 1764 695 1796 salus
712 1765 878 1803 justornm
892 1777 913 1799 a
928 1768 988 1800 Do-

204 1816 303 1848 mino.
320 1814 354 1847 Si
369 1817 495 1848 satietas
509 1819 520 1837 ⁸
537 1828 543 1847 :
564 1817 780 1851 satiabuntur
799 1828 871 1852 cum
891 1829 989 1861 appa-

204 1870 309 1903 ruerit
321 1870 425 1911 gloria
441 1871 510 1903 Dei.
527 1871 560 1903 Si
572 1872 709 1903 ebrietas
722 1874 732 1890 ⁹
748 1884 755 1904 :
772 1874 985 1907 lnebriabun-

206 1926 260 1957 tur
275 1924 314 1957 ab
333 1924 473 1958 ubertate
494 1925 608 1958 domus
624 1926 692 1959 Dei.
718 1926 750 1958 Si
775 1928 928 1968 melodia,
944 1930 987 1961 ibi

204 1979 397 2018 angelorum
422 1979 511 2011 chori
527 1980 699 2012 concinunt
717 1981 784 2012 sine
799 1982 863 2013 fine
887 1983 987 2015 Deum

204 2031 382 2064 laudantes
403 2032 436 2063 Si
453 2032 622 2072 quaelibet,
647 2043 712 2064 non
737 2035 915 2075 immunda,
933 2038 987 2068 sed

206 2085 328 2117 munda
343 2085 491 2126 voluptas
505 2087 547 2118 ¹⁰:
568 2087 716 2120 Torrente
732 2089 908 2128 voluptatis
923 2094 988 2123 tuoe

203 2139 331 2179 potabis
346 2147 412 2178 eos,
430 2139 525 2172 Deus.
541 2139 574 2171 Si
588 2140 759 2181 sapientia,
784 2142 849 2183 ipsa
865 2144 918 2175 Dei
935 2153 985 2175 sa-

204 2192 324 2233 pientia
338 2193 480 2225 ostendet
494 2193 540 2225 eis
554 2194 703 2234 seipsam.
718 2195 751 2226 Si
767 2196 917 2236 amicitia,
935 2197 986 2228 di-

204 2246 305 2286 ligent
316 2246 418 2278 Deum
432 2247 514 2287 plus,
525 2257 623 2288 quam
633 2248 769 2289 seipsos;
787 2252 817 2281 et
830 2250 983 2289 invicem,

207 2301 361 2340 tanquam
386 2301 524 2341 seipsos;
544 2303 575 2332 et
591 2301 673 2333 Deus
688 2302 774 2342 illos,
801 2304 873 2344 plus
888 2314 986 2345 quam

206 2353 346 2394 seipsos:
365 2355 442 2395 quia
464 2355 508 2386 illi
529 2355 639 2395 illum,
662 2357 692 2387 et
715 2366 749 2387 se
770 2357 907 2389 invicem
930 2368 986 2399 per

207 2407 310 2447 illum,
326 2410 357 2440 et
372 2408 424 2440 illc
437 2418 482 2448 se,
494 2411 524 2441 et
538 2409 618 2447 illos,
632 2419 688 2450 per
697 2411 849 2451 seipsum.
863 2412 896 2444 Si
911 2422 984 2444 con-

207 2461 323 2501 cordia,
341 2462 491 2494 omnibus
506 2462 568 2494 illis
583 2464 642 2494 erit
656 2473 720 2495 una
736 2465 895 2505 voluntas,
907 2468 986 2507 quia

207 2514 297 2548 nulla
310 2515 372 2545 illis
388 2516 447 2547 erit
462 2516 522 2546 nisi
540 2516 593 2547 Dei
608 2516 768 2549 voluutas
785 2519 816 2550 Si
833 2522 983 2560 potestas,

206 2569 440 2610 omnipotentes
455 2572 549 2602 eruut
563 2580 631 2602 suae
646 2571 836 2609 voluntatis,
853 2576 889 2605 ut
903 2574 985 2606 Deus

238 2653 244 2667 ⁸
264 2652 389 2683 Anselm.,
404 2652 529 2684 Prosloq„
552 2660 573 2678 c.
595 2659 655 2680 xxv,
671 2667 701 2673 —
721 2655 729 2669 ²
750 2655 758 2679 1
777 2656 844 2685 Cor„
867 2663 894 2687 Π,
913 2659 936 2682 9.
954 2671 984 2676 -

208 2689 215 2702 ³
230 2689 299 2721 Sap„
315 2694 356 2720 ιιι,
370 2689 394 2714 7.
405 2701 436 2707 —
448 2689 456 2703 ⁴
473 2688 573 2716 Mami„
586 2695 652 2720 xxu,
669 2692 708 2715 30.
720 2692 790 2716 ..⁶1
806 2692 873 2722 Corn,
888 2699 928 2723 xv,
944 2695 981 2718 44.

776 189 1033 229 BREvlLooml
1051 189 1156 224 PARS
1175 189 1244 224 vll.

1032 267 1113 291 suae.
1135 257 1220 291 Nam
1232 259 1316 292 sicut
1329 258 1446 300 poterit
1458 257 1544 291 Deus
1555 258 1642 300 quod
1656 259 1743 292 volet
1756 269 1814 302 per

1033 313 1191 354 seipsum,
1214 313 1262 346 ita
1283 314 1436 355 poterunt
1456 312 1503 344 illi
1527 321 1585 354 per
1607 313 1702 346 illum
1725 315 1813 356 quod

1033 366 1157 406 volent;
1168 367 1336 408 quiasieut
1345 366 1390 398 illi
1400 375 1466 398 non
1476 366 1565 398 aliud
1578 366 1699 407 volent,
1712 377 1814 408 quam
1839 383 1842 386 ·

1033 421 1119 462 quod
1132 421 1197 461 ille,
1213 421 1258 453 ita
1269 421 1322 452 ille
1336 420 1439 460 volet,
1455 420 1613 461 quidquid
1625 421 1672 452 illi
1685 421 1812 461 volent3

1033 477 1065 506 et
1079 475 1167 516 quod
1179 474 1234 507 ille
1253 475 1354 513 volet,
1374 483 1440 506 non
1456 475 1574 515 poterit
1595 483 1661 506 non
1676 483 1758 507 esse.
1781 475 1816 508 Si

1033 528 1137 560 honor
1148 530 1180 560 et
1192 529 1326 568 divitiae,
1341 528 1425 560 Deus
1437 537 1512 560 suos
1535 536 1646 560 servos
1665 529 1766 560 bonos
1784 531 1817 562 et

1033 582 1143 614 fideles
1155 591 1255 623 supra
1265 583 1435 614 constituet
1451 591 1458 612 ε
1475 582 1542 613 imo
1555 582 1613 613 filii
1629 581 1700 621 Dei,
1726 584 1759 614 et
1772 582 1816 614 dii

1035 636 1238 668 vocabuntur
1251 638 1282 668 et
1302 638 1408 675 erunt,
1425 638 1456 667 et
1477 636 1535 667 ubi
1551 636 1612 667 erit
1633 635 1733 667 Filius
1747 635 1814 676 Dei,

1033 689 1079 721 ibi
1091 691 1187 722 erunt
1198 692 1231 721 et
1243 689 1290 720 illi
1304 690 1325 708 ¹¹
1345 699 1351 720 :
1370 689 1519 722 Haeredes
1532 689 1662 730 quidem
1677 690 1745 729 Dei,
1761 697 1816 723 co-

1035 743 1176 776 hoeredes
1199 746 1307 777 autem
1333 743 1467 777 Christi.
1481 743 1516 775 Si
1539 753 1617 776 vera
1645 744 1815 783 securim,

1036 800 1120 829 certe
1140 797 1184 829 ita
1199 797 1276 829 certi
1291 799 1388 829 erunt
1402 806 1572 838 nunquam
1586 800 1618 829 et
1632 797 1775 829 nullaten
1781 807 1817 830 us

1036 851 1107 891 ista,
1123 851 1175 883 vel
1190 851 1297 892 potius
1309 851 1397 882 istud
1407 851 1530 882 bonum
1541 850 1602 881 sibi
1616 850 1814 891 defuturum,

1037 905 1118 937 sicut
1141 906 1219 937 certi
1249 909 1345 937 erunt
1370 915 1403 936 se
1428 914 1493 936 uon
1519 913 1577 936 sua
1601 907 1713 945 sponte
1738 905 1817 937 illud

1037 960 1229 997 amissuros,
1246 968 1304 990 nec
1323 959 1508 990 dilectorem
1530 957 1630 990 Deum
1644 958 1723 990 illud
1739 958 1815 990 dile-

1037 1014 1180 1045 ctoribus
1195 1013 1262 1045 suis
1282 1013 1391 1045 invitis
1405 1013 1608 1051 ablaturum;
1625 1021 1683 1043 nec
1698 1011 1818 1053 aliquid

1039 1067 1102 1099 Deo
1116 1067 1276 1108 potentius
1299 1067 1417 1099 invitos
1431 1066 1534 1098 Deum
1548 1068 1579 1097 et
1603 1066 1672 1097 illos
1687 1074 1818 1107 separa-

1039 1123 1161 1153 turum.
1188 1120 1347 1152 Gaudium
1372 1129 1449 1152 vcro
1464 1119 1576 1161 quale,
1592 1122 1648 1151 aut
1661 1122 1819 1160 quantum

1040 1177 1097 1214 est,
1113 1175 1170 1206 ubi
1184 1175 1246 1206 tale
1267 1184 1304 1205 ac
1318 1176 1444 1205 tantum
1462 1174 1584 1205 bonum
1603 1175 1668 1205 est!
1685 1173 1745 1205 Cor
1757 1173 1818 1204 hu-

1041 1238 1187 1268 manum,
1202 1238 1255 1260 cor
1271 1228 1430 1268 indigens,
1446 1236 1499 1259 cor
1514 1230 1684 1268 expertum
1699 1236 1819 1259 aerum-

1041 1292 1110 1322 ηδε,
1127 1283 1192 1314 imo
1214 1283 1366 1314 obrutum
1381 1281 1550 1320 aerumuis,
1569 1283 1727 1322 quantum
1741 1290 1820 1321 gau-

1041 1337 1144 1375 dereS,
1167 1336 1193 1367 si
1209 1336 1259 1367 bis
1274 1335 1424 1367 omnibus
1438 1335 1635 1367 abundares!
1652 1334 1822 1375 Interroga

1042 1391 1156 1422 intima
1171 1392 1236 1429 tua,
1250 1390 1277 1420 si
1289 1398 1399 1430 capere
1410 1391 1544 1429 possunt
1554 1389 1711 1428 gaudium
1723 1398 1820 1420 suum

1042 1444 1080 1476 de
1095 1447 1183 1475 tanta
1206 1443 1400 1475 beatitudine
1416 1452 1485 1473 sua.
1509 1442 1570 1473 Sed
1591 1445 1675 1473 certe
1696 1442 1723 1473 si
1748 1442 1821 1483 quis

1042 1499 1134 1537 alius,
1148 1507 1246 1539 quem
1256 1497 1387 1528 omniuo
1397 1497 1479 1527 sicut
1495 1497 1524 1527 te
1539 1496 1646 1536 ipsum
1660 1495 1819 1535 diligeres,

1043 1552 1188 1584 eamdem
1203 1550 1432 1582 beatitudiuem
1447 1549 1590 1588 haberet,
1606 1549 1821 1589 duplicaretur

1046 1607 1313 1647 gaudiumtuum,
1321 1604 1399 1645 quia
1409 1613 1473 1634 nou
1481 1603 1589 1634 minus
1600 1603 1757 1642 gauderes
1765 1612 1821 1644 pro

1044 1670 1092 1698 eo,
1109 1669 1207 1700 quam
1219 1669 1276 1700 pro
1286 1659 1402 1699 teipso.
1413 1657 1445 1687 Si
1458 1666 1533 1688 vero
1540 1657 1616 1695 duo,
1625 1656 1760 1695 veltres,
1770 1657 1821 1688 vel

1045 1715 1146 1746 multo
1161 1714 1268 1755 plures
1282 1714 1419 1754 idipsum
1434 1712 1587 1742 habereut
1598 1735 1606 1749 ,
1623 1711 1822 1742 tantumdem

1045 1778 1103 1809 pro
1118 1768 1267 1807 singulis,
1279 1769 1436 1808 quantum
1452 1775 1510 1806 pro
1524 1767 1552 1795 le
1568 1765 1635 1805 ipso
1652 1764 1822 1804 gauderes,

1045 1823 1070 1852 si
1088 1822 1234 1862 singulos
1249 1821 1330 1852 sicut
1352 1823 1382 1851 tc
1404 1821 1509 1860 ipsum
1535 1827 1671 1849 amares.
1691 1817 1775 1858 Ergo
1790 1818 1822 1848 in

1046 1876 1098 1908 illa
1111 1876 1247 1916 perfecta
1258 1875 1410 1906 charitate
1424 1872 1709 1905 innumerabilium
1724 1880 1822 1911 ange-

1044 1931 1169 1969 lorum,
1194 1933 1225 1961 et
1239 1929 1410 1960 hominum
1432 1928 1618 1965 beatorum,
1635 1926 1691 1957 ubi
1716 1925 1823 1956 nullus

1045 1984 1153 2015 minus
1180 1983 1296 2020 alium,
1327 1991 1423 2022 quam
1449 1981 1589 2020 seipsum
1613 1979 1733 2018 diligit,
1757 1988 1823 2011 non

1045 2038 1135 2069 aliter
1160 2036 1313 2077 gaudebit
1333 2036 1469 2076 quisque
1494 2043 1550 2074 pro
1571 2032 1708 2072 singulis
1730 2032 1820 2070 ali1s,

1044 2101 1143 2133 quam
1164 2100 1222 2131 pro
1246 2090 1360 2130 seipso.
1386 2088 1419 2120 Si
1435 2097 1516 2127 crgo
1541 2096 1595 2118 cor
1619 2086 1759 2117 hominis
1781 2086 1820 2117 de

1044 2147 1132 2177 tanto
1148 2153 1206 2176 suo
1221 2144 1305 2175 bono
1330 2143 1385 2173 vix
1407 2142 1507 2182 capiet
1529 2150 1625 2172 suum
1647 2140 1819 2180 gaudium,

1044 2199 1205 2240 quomodo
1227 2207 1325 2238 capax
1345 2197 1404 2228 erit
1427 2198 1472 2227 tot
1500 2197 1530 2226 et
1553 2196 1716 2225 tantorum
1739 2202 1823 2233 gau-

1044 2253 1197 2284 diorum?
1213 2252 1252 2283 Et
1270 2251 1390 2291 utiquc,
1408 2250 1482 2290 quia
1507 2251 1663 2289 quantum
1686 2247 1821 2288 quisque

1044 2306 1149 2345 diligit
1159 2305 1311 2345 aliquem,
1325 2305 1449 2334 tautum
1462 2303 1500 2333 de
1511 2303 1594 2333 bono
1607 2302 1677 2341 ejus
1688 2300 1818 2340 gaudet,

1043 2360 1124 2391 sicut
1144 2359 1176 2389 in
1197 2359 1250 2389 illa
1272 2359 1410 2399 perfecta
1433 2357 1578 2387 felicitate
1599 2354 1821 2394 unusquisque

1042 2414 1114 2454 plus
1129 2412 1247 2444 amabit
1262 2412 1331 2442 sine
1346 2410 1582 2451 comparatione
1593 2408 1704 2444 Deum,
1721 2416 1819 2448 quani

1043 2477 1076 2499 se
1091 2470 1122 2499 et
1142 2476 1253 2499 omnes
1266 2467 1343 2498 alios
1365 2474 1490 2503 secum3
1508 2465 1551 2495 ita
1574 2462 1726 2503 gaudebit
1748 2462 1820 2502 plus

1042 2521 1162 2562 absque
1179 2520 1387 2552 aestimatioue
1410 2519 1449 2551 de
1469 2517 1615 2549 felicitate
1630 2515 1702 2554 Dei,
1719 2524 1818 2556 quam

1042 2576 1081 2607 de
1102 2584 1161 2607 sua
1180 2577 1211 2607 et
1231 2575 1377 2606 omnium
1398 2573 1536 2604 aliorum
1559 2579 1679 2602 secum.
1707 2568 1768 2600 Sed
1792 2569 1819 2599 si

1041 2670 1072 2675 —
1089 2657 1098 2671 ⁶
1113 2657 1184 2688 Sap„
1199 2662 1224 2686 ν,
1242 2657 1279 2680 16.
1292 2668 1322 2673 -
1339 2655 1346 2668 ⁷
1363 2654 1430 2678 psal.
1451 2659 1541 2683 xxxv1‚
1559 2654 1597 2677 39.
1610 2665 1641 2671 —-
1656 2652 1666 2668 ⁸
1680 2651 1747 2676 Psal.
1763 2657 1817 2681 xvi,

1044 2695 1081 2717 15.
1099 2706 1125 2710 -
1142 2694 1150 2706 ⁹
1166 2691 1233 2716 Psal.
1252 2697 1329 2722 xxxv,
1344 2692 1366 2715 9.
1381 2703 1410 2708 -
1428 2691 1445 2706 ¹⁰
1462 2689 1522 2713 ibid.
1534 2702 1564 2707 —
1581 2690 1595 2703 ¹¹
1613 2688 1690 2716 Rom„
1707 2693 1763 2717 rui,
1781 2688 1815 2710 Π.
