2003 3037
201 207 261 238 282

201 273 280 312 eati;
296 273 368 304 ideo
395 272 511 304 dieitur
537 273 780 308 irremissibile:
809 284 875 307 non
903 275 981 316 quia

200 326 289 358 nullo
308 326 404 358 modo
422 326 522 367 possit
542 327 676 366 remitti3
696 329 752 361 sed
767 329 859 370 quia,
875 337 979 370 quan-

199 381 270 411 tum
294 381 341 411 est
364 379 403 411 de
431 389 481 419 se,
505 381 623 413 directe
643 384 691 414 est
715 382 980 423 impugnativum

200 433 422 466 medicamenti
434 437 466 466 et
476 436 622 474 mmedii,
635 446 692 477 per
706 437 793 478 quod
803 437 873 469 fieri
884 437 981 469 hahet

198 488 346 520 remissio
363 490 493 529 peccati.
512 489 551 521 Et
565 491 717 531 quoniam
733 492 852 532 peccati
870 491 982 522 remis-

200 541 247 572 sio
261 541 296 572 sst
307 551 327 573 a
338 542 400 574 Deo
410 552 467 584 per
477 544 616 583 gratiam
630 544 881 585 poenitentialem
896 544 982 576 intra

199 595 446 628 ecclesiasticam
476 597 648 636 unitatem;
687 598 759 630 ideo
792 598 981 630 differentiae

200 649 299 689 huJus
319 650 438 691 peccati
461 651 665 692 accipiuntur
688 652 865 683 secundum
894 653 981 693 quod

199 702 316 734 directe
330 703 527 744 impugnant
541 704 595 735 illa
611 705 682 736 tria.
699 705 763 737 Aut
777 706 864 737 enim
877 706 981 747 impu-

200 759 303 796 gnant
324 757 425 798 ipsam
446 759 586 797 gratiam
607 759 857 799 poenitentialcm
875 760 908 791 in
927 771 978 799 se;

199 813 255 842 aut
272 811 304 841 in
319 812 555 852 comparatione
573 812 612 843 ad
629 812 740 852 Deum,
757 823 776 844 a
788 823 853 854 quo
869 814 977 852 datum

199 866 255 896 aut
277 864 310 895 in
332 865 569 906 comparatione
591 866 630 897 ad
652 866 840 906 Ecclesiam,
864 868 896 898 in
917 878 981 909 qua

199 919 381 958 suscipitur.
399 919 430 950 Si
456 920 489 950 in
510 921 748 960 comparatione
766 921 806 952 ad
826 922 980 954 unitatem
998 936 1001 939 ·

200 971 359 1011 Ecclesiae,
383 973 428 1004 sic
446 974 523 1014 quia
544 975 649 1005 unitas
670 974 816 1007 Ecclesia:
838 977 982 1008 consistit

200 1026 232 1056 in
245 1026 307 1057 fide
321 1029 352 1057 et
362 1026 526 1066 charltatc,
540 1028 607 1059 sive
621 1029 653 1059 in
669 1029 774 1068 gratia
790 1032 820 1061 et
831 1031 978 1069 veritate;

200 1080 244 1110 sic
258 1082 305 1111 est
320 1080 440 1121 duplex
454 1085 632 1122 peecatum,
649 1083 765 1114 scilicet
785 1083 905 1114 invidia
921 1084 981 1115 sra-

200 1135 300 1164 tcruae
318 1134 444 1173 gratiae,
461 1138 491 1166 ct
506 1135 710 1176 impugnatio
726 1137 867 1168 veritatis
881 1138 979 1177 agui-

199 1189 251 1218 tae.
276 1187 309 1219 Si
332 1188 365 1219 in
385 1190 622 1229 comparatione
645 1191 684 1222 ad
708 1191 808 1222 Deum
829 1192 978 1224 dantem:

199 1241 275 1281 quia
291 1241 300 1258 ¹
318 1245 478 1275 universoe
499 1245 561 1276 viae
578 1244 661 1284 ejus,
686 1247 844 1285 qnantum
859 1247 896 1277 ad
909 1248 980 1287 jus-

200 1295 421 1334 tificationem,
447 1298 589 1329 maxime
610 1301 685 1330 sunt
707 1300 934 1333 misericordia
953 1304 982 1334 el

199 1351 336 1389 veritas,
366 1351 411 1382 sic
439 1354 485 1382 est
513 1352 631 1393 duplex
660 1356 846 1394 peccatum:
878 1364 980 1386 unum

199 1403 284 1444 quod
310 1404 483 1445 impugnat
509 1406 768 1446 misericordiam,
795 1410 826 1439 et
850 1408 910 1439 hoc
935 1412 981 1440 cst

200 1457 392 1498 desperatio;
414 1459 500 1490 aliud
517 1460 600 1500 quod
619 1461 791 1501 impugnat
808 1462 980 1502 justitiam,

202 1513 233 1542 et
249 1511 309 1543 hoc
323 1515 371 1544 cst
391 1513 589 1554 impunitatis
614 1516 833 1556 praesumptio.
851 1515 884 1547 Si
905 1526 982 1548 vero

784 206 1039 246 BREVILOQUH
1060 207 1162 241 PARS
1184 208 1236 242 IV.

1033 275 1204 317 impugnat
1223 277 1326 318 ipsam
1349 276 1488 317 gratiam
1510 277 1758 318 poenitentialem
1778 281 1814 313 iu

1033 337 1080 368 se,
1103 329 1156 362 vel
1176 330 1355 362 secundum
1372 339 1417 369 se,
1441 330 1487 361 sic
1503 331 1557 368 sest
1577 331 1713 372 duplex,
1737 334 1814 374 quia

1035 384 1142 424 gratia
1158 384 1383 425 poenitentialis
1401 384 1475 416 facit
1495 385 1620 417 resilire
1640 395 1660 417 a
1679 388 1815 427 peccatis

1034 439 1226 478 commissis,
1251 441 1282 471 et
1303 448 1486 480 praecavere
1514 448 1534 470 a
1561 440 1812 473 committendis.

1034 491 1150 524 Contra
1159 493 1301 534 primum
1311 495 1358 525 est
1373 493 1543 524 obstinatio
1555 493 1673 525 mentis
1678 505 1686 532 ;
1703 496 1815 526 contra

1034 545 1210 577 secundum
1232 548 1279 577 est
1299 546 1534 587 impoenitentia
1554 546 1678 586 finalis,
1699 556 1814 580 seeun-

1034 599 1113 631 dum
1128 600 1212 640 quod
1231 599 1333 631 finalis
1348 601 1585 641 impoenitentia
1605 601 1724 633 dicitur
1738 611 1812 642 pro-

1034 653 1174 694 positum
1185 662 1252 685 non
1263 654 1454 695 poenitendi:
1472 655 1518 686 sic
1531 655 1618 686 enim
1631 657 1678 686 est
1693 655 1814 696 species

1034 707 1154 747 peccati
1166 707 1199 738 in
1210 707 1367 747 Spiritum
1381 710 1540 740 sanetum.
1555 707 1740 740 Secundum
1759 718 1815 741 au-

1035 763 1098 792 tem
1123 760 1207 801 quod
1229 760 1333 792 finalis
1355 754 1588 802 impoenitentia
1612 762 1689 794 dicit
1710 763 1815 794 conti-

1035 813 1219 845 nuationem
1242 815 1360 854 peccati
1381 824 1483 856 usque
1503 815 1539 846 in
1558 815 1674 854 finem,
1700 816 1745 848 sie
1767 819 1816 848 est

1035 867 1165 908 sequela
1179 868 1324 899 omnium
1338 868 1525 900 mortalium
1537 877 1611 909 quae
1621 870 1656 901 in
1670 870 1731 902 hac
1747 870 1815 902 vita

1035 931 1100 953 non
1118 922 1344 961 remittuntur,
1367 925 1398 954 et
1422 923 1563 954 maxime
1581 923 1728 954 omnium
1742 933 1813 964 spe-

1035 976 1155 1007 cierum
1178 977 1296 1017 peccati
1312 977 1344 1007 in
1366 976 1521 1018 Spiritum
1542 978 1700 1008 sanctum.
1718 977 1758 1008 Et
1770 978 1816 1010 sie

1035 1039 1130 1061 omne
1144 1034 1308 1070 peccatum
1323 1031 1451 1062 initium
1468 1031 1567 1062 sumit
1582 1031 1769 1072 asuperbia‚
1783 1034 1816 1063 et

1035 1085 1346 1116 consummationem
1365 1085 1433 1117 sive
1453 1085 1552 1116 finem
1568 1085 1664 1117 habet
1677 1086 1711 1116 in
1726 1086 1815 1117 finali

1035 1141 1288 1181 impoenitentia:
1306 1142 1341 1172 in
1354 1150 1453 1182 quam
1467 1141 1524 1182 qui
1539 1141 1731 1182 pervenerit,
1747 1150 1815 1173 cor-

1035 1195 1100 1226 ruit
1122 1195 1153 1225 in
1169 1195 1374 1234 gehennam:
1397 1204 1416 1226 a
1431 1204 1496 1236 qua
1515 1195 1646 1235 quidem
1664 1195 1813 1235 impoeni-

1035 1249 1134 1279 tentia
1161 1249 1248 1279 finali
1268 1249 1376 1280 nullus
1397 1258 1530 1290 peccans
1551 1249 1726 1280 mortaliter
1755 1258 1816 1289 po-

1036 1304 1095 1332 test
1113 1301 1258 1341 liberari,
1282 1302 1342 1333 nisi
1365 1301 1556 1334 interveniat
1577 1301 1683 1342 gratia
1697 1302 1818 1333 media-

1037 1355 1114 1386 toris
1135 1355 1272 1387 Christi:
1294 1358 1325 1387 et
1348 1356 1418 1387 idco
1443 1356 1693 1387 incarnationem
1718 1356 1818 1397 ipsius

1036 1409 1233 1441 desiderabat
1267 1411 1458 1441 universitas
1487 1410 1735 1450 salvandorum,
1765 1410 1817 1441 cui

1036 1466 1082 1494 cst
1107 1463 1209 1495 honor
1232 1467 1264 1495 ct
1289 1464 1392 1505 gloria
1416 1465 1447 1495 in
1470 1464 1587 1495 saecula
1610 1465 1814 1496 saeculorum.

1037 1518 1151 1549 Amen.

799 1773 1043 1830 QUARTA
1083 1774 1231 1826 PARS

957 1903 987 1922 lN
1009 1903 1072 1925 QUA

509 1998 578 2035 DE
621 1998 1045 2039 lNCARNATlONE
1086 2001 1257 2039 VERBl
1300 2001 1514 2041 AGITUR

416 2210 559 2243 CAPUT
584 2210 770 2244 PRIMUM.

239 2293 275 2319 De
296 2295 397 2320 ratione
417 2302 470 2328 qua
490 2294 577 2321 (locuit
602 2295 713 2322 Verbum
734 2296 782 2322 Dei
802 2297 951 2323 incarnari.

248 2369 419 2411 Postquain
440 2373 591 2412 praniicta
609 2376 683 2404 sunt
705 2374 811 2413 aliqua
832 2374 870 2404 (lc
890 2374 985 2404 trini-

208 2425 270 2454 tate
286 2434 493 2463 personarum
516 2428 547 2456 et
563 2427 683 2457 unitate
705 2427 754 2457 Dei
773 2428 826 2466 (α),
847 2427 884 2458 de
901 2437 986 2458 crea-

209 2479 279 2508 tura
290 2478 412 2515 mundi,
425 2480 643 2519 &corruptela
653 2481 767 2520 peccati
779 2492 784 2518 ;
796 2483 986 2512 restatnunc

209 2530 316 2571 aliqua
331 2531 582 2563 brevitordicere
593 2533 631 2564 de
648 2534 864 2565 incarnatione
879 2534 984 2573 Verbi,

209 2593 264 2624 per
280 2585 364 2624 quod
380 2585 509 2625 quidem
526 2586 666 2618 Verbum
689 2588 890 2618 incarnatum
906 2589 987 2619 saeta

210 2640 256 2669 est
273 2638 370 2677 salus,
387 2641 417 2670 et
432 2640 590 2679 reparatio
601 2641 730 2680 generis
751 2641 904 2672 humani:
922 2651 987 2673 non

245 2703 249 2715 ¹
264 2702 332 2727 Psal.
350 2708 421 2732 xxm,
441 2703 478 2727 10.
492 2715 522 2720 —
537 2703 571 2733 (u)
586 2703 715 2728 Caet.e‹l1‘t.
732 2704 763 2727 «lc
776 2704 886 2729 trinitate
901 2705 954 2730 Dei.

1042 2213 1117 2253 quia
1135 2213 1226 2244 aliter
1247 2212 1330 2244 Deus
1353 2213 1534 2245 humanum
1560 2223 1664 2254 genus
1696 2216 1818 2248 salvare

1042 2267 1092 2297 vel
1109 2267 1244 2298 liberare
1269 2275 1334 2298 non
1349 2268 1502 2307 potuerit;
1534 2268 1589 2299 scd
1614 2269 1690 2308 quia
1712 2270 1818 2301 nullus

1042 2320 1122 2351 alins
1138 2320 1249 2351 modus
1264 2321 1307 2351 ita
1322 2330 1485 2360 congruns
1499 2324 1530 2352 et
1546 2322 1737 2353 conveniens
1751 2326 1818 2353 erat

1043 2374 1101 2414 ipsi
1116 2374 1303 2414 reparatori,
1326 2376 1357 2404 et
1372 2374 1553 2414 reparabili,
1569 2377 1600 2405 et
1614 2376 1816 2415 reparationi.

1085 2427 1173 2458 Ratio
1199 2430 1305 2458 autem
1328 2428 1367 2458 ad
1388 2428 1631 2467 intelligentiam
1651 2429 1819 2468 praedicto-

1043 2490 1115 2512 rum
1127 2481 1196 2512 haec
1211 2483 1273 2512 est:
1291 2481 1367 2521 quia
1381 2490 1455 2512 cum
1470 2481 1611 2521 primum
1627 2481 1818 2522 principium

1043 2534 1225 2565 effectivum
1249 2544 1359 2566 rerum
1383 2543 1448 2565 non
1471 2536 1607 2574 poterat,
1634 2543 1691 2565 nec
1715 2535 1820 2568 decuit

1043 2597 1128 2627 esse,
1147 2588 1207 2619 nisi
1223 2588 1323 2619 Deum
1329 2611 1338 2626 ,
1362 2590 1393 2618 et
1408 2596 1474 2618 non
1493 2587 1601 2618 minus
1615 2588 1655 2619 sit
1674 2598 1725 2620 res
1742 2599 1819 2621 con-

1043 2642 1126 2673 ditas
1135 2651 1295 2682 reparare,
1307 2650 1405 2682 quam
1414 2641 1447 2672 in
1462 2650 1529 2672 esse
1540 2641 1727 2682 producere,
1739 2644 1820 2676 sicut

1044 2704 1109 2727 nou
1129 2695 1234 2726 minus
1254 2696 1302 2726 est
1324 2695 1404 2726 bene
1420 2703 1507 2734 esse,
1523 2704 1621 2734 quam
1636 2695 1820 2737 simpliciter

1851 2433 1921 2455 Prima

1859 2466 1922 2490 ratio,

1834 2503 1875 2522 qua
1893 2503 1940 2524 pro—

1834 2527 1896 2548 batur
1904 2527 1940 2548 dc-

1834 2558 1902 2579 ccntia
1910 2559 1939 2578 in-

1834 2589 1936 2610 carnatio-

1834 2621 1867 2642 nis
1879 2620 1931 2641 Ver-

1873 2651 1903 2672 bi.
