2003 3037
23 1549 121 1570 Secunda

44 1581 106 1601 ratio.

679 173 729 207 DE
751 173 1056 207 INCARNATIONE
1075 175 1206 208 VERBI.

136 253 222 284 esse3
245 242 504 276 decentissimum
518 244 577 276 suit
590 251 700 276 rerum
720 242 916 284 prinprium

135 300 355 342 reparativum
374 310 441 332 esse
455 300 555 332 Deum
567 308 733 332 summum
748 310 755 331 z
773 300 820 338 ut,
835 298 917 330 sicut

136 355 246 386 omnia
267 356 430 388 creaverat
452 353 533 386 Deus
553 362 609 394 per
627 352 770 384 Verbum
793 352 916 384 increa-

137 410 219 448 tum,
235 408 280 440 sic
292 408 400 440 omnia
413 409 576 448 repararet
590 415 646 447 per
658 406 800 439 Verbum
815 406 916 437 incar-

137 464 262 494 natum.
281 462 437 500 Quoniam
454 470 533 501 ergo
551 460 635 492 Deus
650 460 759 492 omnia
772 459 844 491 fecit
859 468 918 500 po-

137 517 251 555 tenter,
267 517 298 547 et
311 515 479 555 sapienter,
496 516 527 546 et
546 514 665 555 optime
687 514 755 546 sive
774 513 915 544 benevo-

137 570 254 609 lenter3
280 569 383 601 decuit
406 570 443 600 ut
466 569 510 600 sic
533 570 696 610 repararet
722 567 915 609 reparanda,

138 623 222 664 quod
238 632 330 655 suam
345 623 531 663 potentiam,
550 621 737 663 sapientiam
747 646 754 660 ‚
772 623 804 652 et
818 621 917 652 bene-

138 677 311 710 volentiam
326 676 516 708 ostenderet.
527 675 608 713 Quid
622 677 730 707 autem
743 675 915 716 potentius,

139 741 236 773 quam
251 733 448 772 conjungere
467 734 612 763 extrema
627 740 753 762 summe
771 730 919 762 distantia

139 787 172 818 in
194 796 293 818 unam
310 787 500 828 personam?
516 786 597 824 Quid
614 786 788 826 sapientius
802 787 832 816 et
847 794 920 815 eon-

140 842 328 881 gruentins,
349 851 448 882 quam
467 841 554 882 quod
568 841 607 872 ad
628 839 851 881 perfectionem
867 840 918 869 to-

138 896 202 927 tius
221 895 364 927 universi
385 896 476 926 fieret
498 894 681 935 conjunctio
702 893 799 934 primi
818 894 848 923 et
869 892 920 923 ul-

139 949 224 988 timi,
247 949 344 981 Verbi
369 949 486 980 scilicet
504 948 576 988 Dei,
604 948 690 989 quod
710 949 758 978 est
771 946 919 978 omnium

141 1003 348 1044 principium,
371 1005 402 1034 et
425 1003 579 1034 humanae
604 1004 746 1039 naturae,
769 1009 841 1040 quae
861 1000 921 1030 fuit

140 1057 253 1088 ultima
267 1057 413 1088 omnium
430 1055 670 1087 ereaturarum?
686 1054 768 1092 Quid
783 1054 921 1085 benevo-

138 1110 272 1150 lentius,
289 1119 386 1151 quam
401 1110 488 1150 quod
501 1109 655 1140 Dominus
665 1133 673 1147 ‚
691 1109 820 1148 propter
835 1107 920 1138 servi

139 1164 290 1200 salutem,
306 1165 446 1204 accipiat
459 1163 469 1179 ¹
486 1164 573 1196 servi
587 1162 747 1203 formam?
770 1161 837 1192 Imo
861 1161 922 1192 hoc

140 1219 237 1250 tantae
254 1218 463 1258 benignitatis
477 1219 540 1256 est,
562 1219 599 1248 ut
617 1216 699 1247 nihil
721 1215 919 1253 clementius,

140 1271 221 1302 nihil
244 1271 461 1310 amicabilius,
485 1270 567 1301 nihil
590 1269 765 1309 benignius
785 1267 923 1307 cogitari

141 1325 251 1367 possit.
268 1324 597 1357 Convenientissimus
612 1332 693 1361 ergo
708 1324 776 1353 erat
790 1322 842 1352 hic
857 1331 922 1352 mo-

142 1379 203 1409 ‹lus
218 1378 278 1409 Deo
288 1379 476 1419 reparatori,
489 1379 620 1418 propter
635 1376 922 1408 commendandam

142 1432 285 1464 divinam
307 1433 500 1473 potentiam,
522 1431 711 1472 sapientiam
734 1432 765 1462 et
786 1431 923 1461 benevo-

141 1485 284 1518 lentiam.

183 1539 323 1579 Rursus,
349 1540 426 1580 quia
448 1540 564 1578 homo,
586 1539 700 1570 cadens
723 1539 756 1569 in
778 1538 920 1578 culpam,

142 1595 301 1626 averterat
317 1603 350 1624 se
365 1595 395 1624 et
410 1595 584 1624 recesserat
602 1603 621 1624 a
637 1592 795 1632 principio
810 1594 923 1632 poten-

142 1647 279 1686 tissimo,
298 1647 532 1687 sapientissimo
551 1648 583 1677 et
604 1645 921 1683 benevolentissim03

143 1700 213 1731 ideo
229 1702 393 1732 corruerat
406 1700 440 1731 in
453 1700 688 1737 infirmitatem,
705 1699 923 1739 ignorantiam

143 1756 173 1784 et
199 1753 450 1793 malignitatem,
481 1762 518 1784 ae
540 1762 597 1793 per
621 1752 683 1783 hoc
705 1753 744 1783 de
766 1753 924 1793 spirituali

143 1806 273 1838 effectus
295 1806 446 1846 carnalis,
470 1806 618 1837 animalis
641 1808 672 1837 et
695 1806 868 1844 sensualis3
894 1808 925 1837 et

143 1860 214 1890 ideo
229 1860 356 1900 ineptus
376 1861 444 1890 erat
465 1859 505 1891 ad
525 1859 668 1891 divinam
684 1859 838 1891 virtutem
854 1860 924 1890 imi-

143 1913 272 1944 tandam
281 1913 378 1953 (a),ad
390 1913 495 1944 lucem
506 1913 774 1953 cognoscendam,
787 1913 826 1944 ad
838 1913 925 1944 boni-

143 1969 241 1998 tatem
256 1967 453 2007 diligendam
466 1977 473 1998 z
487 1967 527 1998 ad
542 1967 604 1998 hoe
618 1967 720 2006 igitur
730 1967 813 2007 quod
826 1967 924 1998 homo

145 2020 185 2050 ab
200 2020 259 2051 isto
274 2022 358 2051 statu
369 2022 584 2061 repararetur,
597 2020 924 2060 congruentissimum

144 2074 203 2105 fuit
226 2075 262 2104 ut
286 2073 315 2104 ei
343 2074 608 2105 condescenderet
634 2073 775 2114 primum
804 2075 923 2114 princi-

145 2127 250 2167 pium,
269 2127 429 2158 reddendo
451 2136 484 2157 se
499 2127 545 2157 illi
559 2127 726 2166 noscibile,
745 2128 881 2160 amabile
895 2130 926 2159 et

144 2180 309 2211 imitabile.
331 2180 369 2211 Et
391 2179 468 2220 quia
486 2180 584 2210 homo
604 2180 756 2219 carnalis,
780 2181 926 2212 animalis

146 2235 177 2264 et
191 2233 355 2272 sensualis,
381 2242 447 2264 non
467 2235 619 2271 noverat,
636 2242 694 2264 nec
709 2234 852 2271 amabat,
869 2244 927 2265 nec

147 2287 351 2328 sequebatur,
367 2287 427 2317 nisi
441 2286 501 2317 sibi
514 2287 765 2326 proportionalia
782 2290 812 2318 et
827 2288 928 2318 consi-

147 2342 251 2380 milia3
267 2341 349 2378 ideo,
362 2341 402 2371 ad
417 2340 618 2381 eripiendum
633 2341 798 2372 homiuem
814 2341 851 2372 de
866 2342 927 2373 hoc

147 2398 247 2434 statu,
264 2394 405 2426 Verbum
427 2404 500 2426 caro
523 2395 643 2426 factum
666 2397 728 2434 est,
750 2398 786 2427 ut
809 2396 849 2426 ab
872 2395 928 2427 ho-

148 2448 250 2487 mine,
267 2448 323 2489 qui
338 2457 411 2479 caro
429 2450 511 2488 erat,
528 2450 559 2480 et
580 2449 729 2489 cognosci
754 2452 874 2489 posset,
897 2452 928 2482 et

180 2522 306 2553 1ΡΙιίίἰμ,
324 2528 352 2552 ΙΙ,
368 2523 391 2547 7.
402 2535 433 2541 --
447 2522 456 2536 ⁴
472 2523 554 2552 Joan.,
572 2528 590 2552 Ι,
608 2524 645 2546 14.

183 2565 217 2594 (α’)
235 2564 294 2588 Cael.
309 2564 370 2589 calfit.
386 2564 547 2590 imitandum.
557 2576 587 2582 —
605 2564 636 2595 (h)
651 2567 683 2589 ct.

1690 175 1752 206 283

969 244 1083 283 amari,
1102 245 1134 275 et
1156 243 1275 275 imitari
1302 254 1309 275 ε
1327 252 1364 274 ae
1383 252 1440 284 per
1459 242 1531 282 hoc,
1547 244 1584 274 ut
1600 242 1637 283 (b)
1654 242 1751 274 homo

971 297 1073 329 Deum
1087 305 1294 338 cognoscem,
1308 299 1340 328 et
1353 306 1476 336 amanS,
1494 298 1525 328 et
1539 296 1684 335 imitans,
1699 305 1752 327 re-

970 351 1165 383 mediaretur
1179 360 1199 382 a
1214 351 1326 382 morbo
1341 351 1471 392 peccati.

1011 404 1191 443 Postremo,
1219 405 1296 445 quia
1318 404 1416 436 homo
1446 405 1582 444 perfecte
1608 404 1752 445 reparari

971 468 1037 491 non
1056 461 1193 500 poterat,
1219 458 1282 490 nisi
1303 461 1506 499 recuperaret
1525 459 1641 490 mentis
1659 459 1752 489 inno-

972 513 1123 552 centiam,
1147 513 1201 544 Dei
1225 512 1417 552 amicitiam,
1437 515 1468 544 et
1487 521 1579 544 suam
1599 511 1754 543 excellen—

971 567 1065 606 tiam,
1082 577 1147 608 qua
1167 567 1225 599 soli
1241 567 1303 598 Deo
1328 567 1478 606 suberat;
1500 568 1531 598 et
1545 566 1606 597 hoe
1619 575 1685 597 non
1700 574 1754 606 po-

971 621 1034 653 tuit
1048 621 1118 653 fieri
1132 622 1194 652 nisi
1210 631 1267 662 per
1282 621 1383 652 Deum
1396 621 1430 652 in
1446 621 1548 652 forma
1561 620 1664 652 servi:
1680 619 1750 650 ideo

972 684 1154 715 congruum
1170 675 1229 707 fuit
1241 675 1384 707 Verbum
1400 674 1570 706 incarnari.
1590 672 1753 705 Excellen-

973 730 1049 761 tiam
1071 739 1212 771 namque
1236 738 1425 770 recuperare
1442 738 1508 760 non
1531 730 1669 769 poterat,
1694 727 1756 758 nisi

973 786 1137 824 reparator
1151 786 1232 816 esset
1247 784 1346 821 Deus;
1363 783 1439 824 quia
1450 783 1474 813 si
1492 792 1582 814 mera
1595 784 1753 820 creatura,

973 840 1052 869 tunc
1065 838 1163 869 homo
1182 840 1264 869 esset
1285 838 1449 878 subJectus
1467 845 1566 868 merae
1585 838 1754 874 creaturae,

974 895 1004 923 et
1019 892 1063 923 sie
1079 901 1147 923 non
1165 894 1368 932 recuperaret
1384 893 1504 922 statum
1519 890 1634 931 prioris
1647 889 1755 921 excel-

974 945 1092 977 lentiae.
1120 946 1301 977 Amicitiam
1329 954 1458 986 quoque
1486 944 1541 975 Dei
1567 953 1757 984 recuperare

974 1009 1040 1031 non
1069 1002 1209 1040 poterat,
1235 999 1297 1030 nisi
1320 1008 1377 1040 per
1406 999 1615 1030 mediatorem
1639 1007 1756 1028 conve-

975 1054 1127 1092 nientem,
1137 1054 1193 1094 qui
1204 1063 1337 1084 manum
1349 1054 1454 1093 posset
1465 1061 1582 1093 ponere
1592 1052 1624 1082 in
1635 1054 1758 1082 utrum-

976 1116 1049 1147 que,
1063 1109 1094 1138 et
1107 1108 1238 1147 utrique
1251 1107 1333 1147 parti
1347 1106 1519 1137 conformis
1529 1107 1623 1144 esset,
1637 1107 1668 1136 et
1679 1105 1758 1136 utri-

976 1170 1039 1201 que
1062 1161 1204 1192 amicus:
1229 1162 1260 1191 et
1277 1160 1347 1191 ideo
1372 1161 1453 1190 sicut
1478 1159 1590 1190 similis
1613 1159 1677 1190 Deo
1701 1168 1758 1199 per

977 1215 1192 1254 divinitatem,
1210 1215 1255 1245 sic
1270 1214 1382 1245 similis
1396 1213 1522 1244 homini
1536 1222 1592 1253 per
1606 1212 1757 1243 humani-

978 1270 1086 1299 tatem.
1104 1268 1321 1300 Innocentiam
1338 1277 1415 1300 vero
1437 1267 1553 1298 mentis
1567 1275 1758 1306 recuperare

977 1331 1043 1353 non
1058 1324 1197 1363 poterat,
1219 1323 1282 1353 nisi
1305 1322 1437 1354 dimissa
1456 1321 1566 1361 culpa:
1590 1329 1689 1360 quam
1710 1319 1757 1351 di-

978 1377 1104 1407 mittere
1116 1366 1182 1407 non
1196 1376 1326 1407 decebat
1342 1376 1486 1407 divinam
1502 1374 1678 1415 justitiam,
1696 1373 1759 1404 nisi

978 1439 1035 1470 per
1053 1430 1300 1461 satisfactionem
1322 1429 1539 1469 condignam:
1565 1430 1596 1459 et
1617 1428 1692 1468 quia
1707 1436 1758 1458 sa-

978 1484 1122 1515 tisfacere
1147 1493 1212 1515 non
1235 1486 1375 1525 poterat,
1397 1484 1459 1514 nisi
1485 1483 1582 1520 Deus,
1611 1490 1669 1522 pro
1692 1482 1759 1512 toto

978 1538 1124 1569 humano
1138 1547 1273 1577 genere;
1291 1546 1349 1568 nec
1361 1537 1494 1568 debebat
1506 1536 1566 1567 nisi
1576 1536 1685 1574 homo,
1702 1535 1760 1575 qui

979 1595 1164 1631 peccaverat
1180 1602 1186 1621 :
1222 1591 1292 1622 ideo
1323 1590 1654 1630 congruentissimum
1681 1589 1759 1628 suit,

979 1645 1160 1675 humanum
1175 1653 1279 1684 genus
1297 1644 1440 1684 reparari
1459 1652 1516 1683 per
1539 1643 1640 1674 Deum
1654 1642 1761 1673 homi-

979 1708 1067 1738 nem,
1083 1700 1198 1729 natum
1214 1698 1252 1729 de
1267 1707 1385 1738 genere
1401 1697 1490 1728 Adae.
1506 1696 1665 1734 Quoniam
1679 1705 1760 1735 ergo

980 1752 1168 1783 excellentia
1186 1752 1370 1792 recuperari
1385 1761 1450 1782 non
1467 1752 1605 1792 poterat,
1628 1750 1690 1780 nisi
1705 1759 1761 1790 per

979 1808 1198 1846 reparatorem
1214 1805 1537 1843 excellentissimum3
1555 1813 1612 1835 nec
1623 1803 1762 1835 amicitia

980 1860 1147 1892 reformari
1162 1861 1297 1900 poterat,
1314 1859 1375 1890 nisi
1390 1869 1448 1899 per
1462 1858 1669 1889 mediatorem
1684 1858 1761 1888 ami-

979 1914 1230 1952 cabilissimum3
1246 1922 1303 1944 uec
1324 1912 1506 1944 innocentia
1527 1912 1684 1952 reacquiri
1703 1920 1762 1951 po-

980 1970 1076 2007 terat,
1107 1968 1168 1998 nisi
1194 1976 1250 2007 per
1275 1966 1504 1997 satisfactorem
1532 1965 1760 1996 sufficientissi-

981 2031 1072 2053 mum
1085 2032 1091 2052 ε
1105 2020 1389 2052 excellentissimus
1402 2021 1510 2051 autem
1525 2020 1688 2060 reparator
1697 2028 1762 2049 non

982 2078 1043 2114 est,
1059 2076 1122 2106 nisi
1142 2075 1182 2106 sit
1197 2075 1295 2112 Deus;
1315 2074 1592 2105 amicabilissimus
1607 2073 1762 2104 mediator

982 2139 1048 2161 non
1063 2132 1125 2168 est,
1142 2129 1203 2159 nisi
1218 2129 1258 2159 sit
1273 2129 1388 2166 homo3
1406 2127 1696 2159 sufficientissimus
1710 2136 1760 2157 sa-

982 2184 1123 2214 tisfactor
1137 2192 1203 2213 non
1218 2185 1277 2220 est,
1294 2182 1354 2212 nisi
1371 2182 1410 2212 sit
1428 2182 1510 2212 Deus
1526 2181 1644 2221 pariter
1659 2183 1690 2211 et
1702 2181 1763 2211 ho-

984 2246 1055 2268 mo:
1083 2236 1377 2275 congruentissima
1403 2235 1463 2266 t'uit
1489 2236 1607 2265 nostrae
1630 2243 1763 2274 repara-

983 2290 1062 2321 tioni
1082 2290 1259 2320 incarnatio
1274 2289 1385 2327 Verbi,
1411 2291 1461 2327 ut,
1484 2289 1565 2319 sicut
1581 2297 1686 2328 genus
1700 2289 1762 2319 hu-

984 2353 1117 2375 manum
1131 2344 1165 2374 in
1185 2352 1251 2374 esse
1266 2344 1387 2374 exierat
1409 2352 1465 2383 per
1482 2342 1624 2374 Verbum
1638 2342 1761 2373 increa-

984 2400 1069 2435 tum,
1101 2400 1131 2428 et
1154 2397 1188 2427 in
1214 2397 1342 2437 culpam
1366 2397 1519 2427 ceciderat
1546 2405 1602 2436 per
1625 2396 1782 2438 verbunr

984 2454 1190 2495 inspiratum,
1207 2454 1252 2484 sic
1266 2463 1284 2484 a
1301 2454 1394 2494 culpa
1413 2456 1598 2494 resurgeret
1613 2463 1669 2494 per
1684 2453 1760 2485 Ver-

984 2510 1063 2543 bum
1078 2511 1291 2542 incarnatum.

1783 415 1856 436 'rm-na

1785 447 1847 468 ratio.
