2003 3037
791 160 909 193 PART.
934 162 956 193 1.
981 160 1087 193 SECT.
1111 159 1202 192 XXV.

186 227 251 260 tius
265 237 324 260 nec
337 228 522 268 laudabilis,
548 237 607 260 nec
631 228 851 269 vituperabilis
864 253 871 266 ,
889 229 966 270 quia

97 285 173 307 Timor
186 282 340 314 naturalis
359 284 418 314 est.
440 281 595 314 Similiter
615 281 827 322 distinguitur
849 283 967 323 triplex

65 316 152 344 triplex.

94 1369 161 1394 Igm-

57 1398 137 1418 mutia.

186 336 303 376 timor,
320 337 437 368 scilicet
457 335 632 374 naturalis,
657 337 836 375 gratuitus,
860 337 965 368 libidi-

186 399 297 422 nosus.
320 389 480 422 Naturalis
504 391 551 420 est
573 389 697 429 passio,
715 389 746 421 id
772 392 819 421 est
843 391 967 430 primus

187 445 304 483 motus,
326 446 357 475 et
373 444 404 475 in
420 443 640 475 testimonium
655 443 864 474 humanitatis
880 453 966 476 verae

186 497 246 528 fuit
259 497 293 528 in
311 497 445 528 Domino
459 496 532 528 Jesu
548 496 690 535 Christ0;
707 497 870 537 gratuitus
886 498 968 528 mul-

186 550 347 591 tiplicatur
360 551 394 581 in
408 549 556 582 servilem
569 573 578 589 ,
594 550 761 590 initialem,
775 553 806 581 ct
821 551 965 590 filialem,

185 604 224 635 de
242 604 358 645 quihus
379 603 456 634 alibi
476 603 617 642 dicetur,
636 603 753 635 scilicet
776 604 810 634 in
829 604 911 635 libro
926 605 966 637 de

186 658 288 690 Donis
299 668 311 692 ,·
329 657 518 688 libidinosus
538 657 694 689 dividitur
713 657 746 688 in
761 658 943 690 humanum
956 684 963 698 ‚

185 721 249 752 quo
270 711 341 752 quis
364 711 457 751 eligit
478 720 608 751 peccare
627 720 668 742 ne
689 711 823 743 laedatur
846 712 881 743 in
896 722 965 744 cor-

183 774 272 806 pore,
287 767 318 796 et
332 765 534 796 mundanum
544 789 553 803 ,
570 774 634 805 quo
647 766 719 805 quis
731 766 821 805 eligit
835 776 966 806 peccare

183 828 224 850 ne
235 819 371 850 laesiatur
381 819 415 850 in
428 819 636 859 possessione.
654 818 782 850 Timore
796 819 966 852 libidinoso

182 874 281 905 homo
309 873 392 905 male
418 873 628 909 humiliatum
657 873 772 904 timore
799 875 942 913 gratuito
955 899 963 913 ,

182 928 281 967 bene;
305 928 420 959 timore
437 927 574 958 naturali
588 951 595 964 ,
611 937 670 959 nec
689 928 892 960 laudabiliter
906 938 965 960 nec

182 982 447 1022 vituperabiliter.
463 981 543 1012 Item
558 991 667 1012 amore
680 982 849 1013 libidinoso
865 983 963 1014 homo

182 1035 264 1066 male
291 1036 488 1073 accenditur3
519 1044 628 1066 amore
660 1035 802 1074 gratuito
815 1060 822 1074 ‚
854 1036 936 1067 bene
954 1048 960 1073 ;

180 1098 290 1120 amore
304 1088 456 1124 naturali,
475 1088 705 1119 indifferenter.

221 1142 389 1174 Peccatum
401 1152 441 1173 cx
454 1143 639 1182 ignorantia
652 1145 700 1174 est
712 1143 836 1174 aversio
849 1143 963 1175 voluu-

179 1197 253 1227 tatis
269 1197 460 1236 ignorantis,
475 1198 506 1227 et
517 1197 726 1236 perpetrantis
741 1198 826 1237 quod
837 1197 961 1228 malum

180 1252 239 1287 est,
255 1251 295 1281 ab
310 1251 397 1281 omni
414 1250 544 1280 scientia
561 1249 627 1280 Dei.
646 1250 725 1281 Nota
740 1253 857 1289 tamen,
875 1251 958 1290 quod

181 1304 267 1335 aliud
295 1306 342 1335 est
375 1306 540 1344 peccatum
570 1314 610 1335 ex
640 1304 826 1344 ignorantia
837 1329 845 1344 ,
875 1305 961 1336 aliud

181 1360 344 1398 peccatum
353 1357 557 1397 ignorantiae.
571 1357 740 1389 Peccatum
751 1358 958 1398 ignorantiae,

179 1414 226 1442 est
245 1412 374 1443 omissio
399 1412 513 1443 debitae
537 1412 696 1449 scientiam
723 1414 887 1452 peccatum
918 1423 959 1444 ex

178 1464 379 1504 ignorantia,
396 1468 443 1496 est
457 1468 623 1506 peccatum
643 1466 727 1506 quod
748 1467 959 1498 committitur

177 1519 375 1558 ignoranter.
402 1519 455 1550 Est
477 1521 659 1560 ignorantia
686 1521 786 1560 juriS,
812 1523 843 1551 et
867 1521 958 1560 igno-

177 1573 281 1603 rantia
304 1573 386 1604 facti.
419 1574 607 1613 Ignorantia
634 1574 705 1604 facti
728 1574 847 1613 duplex
867 1585 873 1604 z
904 1577 960 1604 aut

178 1626 322 1657 adhibita
342 1627 447 1658 debita
462 1627 645 1666 diligentia,
662 1629 693 1657 et
714 1627 774 1657 hoc
795 1630 926 1658 excusat
941 1637 960 1658 a

177 1681 262 1717 t0t03
284 1683 340 1710 aut
360 1690 425 1711 non
447 1681 590 1711 adhibita
610 1681 716 1712 debita
735 1681 912 1720 diligentia,
929 1685 959 1713 et

176 1732 236 1763 hoc
247 1735 378 1764 excusat
388 1743 406 1764 a
420 1736 518 1772 tanto,
537 1736 567 1764 et
582 1744 647 1765 non
662 1744 679 1765 a
696 1736 772 1765 toto.
799 1734 958 1774 Ignoran-

174 1786 218 1816 tia
234 1787 313 1826 juris
328 1788 475 1827 quaedam
493 1790 540 1818 est
554 1788 725 1826 vincibilis,
742 1797 815 1828 quae
832 1790 878 1819 est
892 1789 957 1820 cul-

173 1848 214 1879 pa
231 1850 237 1871 :
256 1840 326 1871 haec
341 1843 449 1871 autem
463 1843 518 1871 aut
532 1844 578 1871 est
594 1851 634 1872 ex
645 1851 722 1872 vero
736 1851 903 1879 consensu,
922 1846 957 1873 ut

172 1893 357 1932 ignorantia
371 1894 515 1925 affectata
525 1919 532 1933 ,
550 1897 581 1925 et
596 1895 655 1926 ista
671 1895 717 1925 sic
731 1905 771 1926 ex
787 1905 852 1926 una
867 1899 956 1936 parte

172 1950 318 1986 excusat,
336 1958 375 1979 ex
392 1949 429 1988 (a)
446 1948 508 1979 alia
522 1949 627 1988 magis
642 1951 801 1989 aggravat
811 1961 818 1988 ;
836 1952 892 1981 aut
909 1952 956 1981 est

172 2010 212 2031 ex
227 2001 429 2041 negligentia
443 2005 473 2034 et
493 2003 625 2042 ignavia
641 2027 648 2041 ‚
666 2003 748 2033 sicut
769 2003 955 2043 ignorantia

171 2064 277 2086 crassa
293 2058 325 2087 et
347 2057 479 2096 supina,
499 2059 530 2087 et
546 2057 605 2086 ista
618 2080 625 2093 ,
651 2057 707 2087 etsi
729 2057 838 2097 aliquo
860 2058 954 2089 modo

171 2111 314 2146 excusat,
329 2118 395 2140 non
409 2112 515 2140 tamen
527 2110 571 2140 sic
581 2113 723 2149 excusat,
739 2111 818 2151 quin
834 2113 955 2143 aeterno

171 2161 248 2200 igne
268 2163 393 2199 ardeat,
409 2163 490 2193 sicut
514 2163 588 2193 dicit
610 2164 826 2203 Augustinus.
854 2164 905 2195 Sic
924 2168 956 2195 et

170 2214 354 2254 ignorantia
370 2216 453 2255 juris
474 2216 665 2247 invincibilis
680 2219 783 2256 potest
803 2226 870 2247 esse
891 2218 954 2248 du—

171 2269 243 2308 plex
261 2279 268 2299 :
285 2272 340 2300 aut
359 2270 444 2300 enim
460 2272 507 2300 est
522 2270 702 2300 introducta
731 2279 786 2310 per
813 2279 953 2310 praeam—

170 2321 280 2353 hulam
296 2323 421 2363 culpam
433 2348 441 2362 ,
459 2325 515 2354 aut
530 2326 646 2363 praeter
666 2333 796 2354 omnem
811 2324 951 2364 culpam.

170 2375 202 2406 Si
214 2378 331 2416 praeter
342 2386 471 2407 omnem
482 2377 530 2407 cul
538 2386 620 2416 pam,
631 2379 687 2407 aut
697 2377 884 2417 simpliciter
892 2379 954 2418 pri-

170 2432 224 2460 vat
243 2430 426 2469 cognitione
438 2431 541 2470 juris,
565 2430 646 2461 sicut
668 2431 702 2461 in
726 2431 899 2463 infantibus
923 2435 954 2463 et

170 2482 315 2521 furiosis,
333 2484 388 2523 qui
403 2485 535 2515 omnino
552 2487 660 2515 carent
674 2494 736 2515 usu
752 2486 884 2515 rationis
895 2510 904 2524 ,
922 2488 953 2516 et

171 2534 240 2565 haec
263 2538 395 2567 excusat
417 2546 436 2567 a
457 2539 523 2567 toto
541 2548 548 2567 ε
571 2537 656 2567 unde
679 2537 753 2567 dicit
772 2537 953 2569 Bernardus

171 2588 254 2628 quod
281 2590 424 2628 parvulis
448 2591 643 2627 infantibus,
667 2592 698 2620 et.
721 2590 952 2623 dormientibus

203 2651 237 2682 (a)
254 2652 315 2674 caet.
329 2650 386 2675 edit.
405 2654 438 2676 ct,

1751 167 1809 197 367

1025 228 1107 260 nihil
1122 228 1312 270 imputatur,
1327 231 1413 272 quod
1424 231 1563 271 faciunt3
1579 233 1635 264 aut
1650 241 1717 264 non
1728 233 1811 265 tollit

1024 282 1155 314 omnino
1170 292 1267 314 usum
1282 285 1416 316 rationis
1426 309 1434 323 ,
1452 285 1507 317 sed
1523 286 1753 327 semiplenum,
1780 289 1812 319 et

1023 338 1102 367 tunc
1125 346 1189 367 non
1211 340 1341 368 excusat
1363 348 1381 369 a
1403 341 1486 378 toto,
1503 339 1555 371 sed
1572 349 1591 371 a
1605 342 1711 380 tanto,
1728 341 1812 372 sicut

1023 389 1058 420 in
1074 390 1124 420 his
1137 390 1192 430 qui
1208 400 1273 422 non
1285 391 1379 431 plene
1391 395 1467 424 sunt
1482 393 1605 433 furiosi,
1621 394 1675 426 sed
1690 395 1811 427 hahent

1024 443 1131 484 aliquo
1150 445 1245 476 modo
1262 444 1370 486 aliqua
1390 446 1558 479 intervalla
1578 448 1701 487 lucida,
1721 451 1752 480 et
1775 449 1810 480 in

1024 497 1134 538 pueris
1157 498 1213 538 qui
1230 500 1305 530 sunt
1324 499 1432 540 aliquo
1453 501 1548 532 modo
1569 511 1699 542 capaces
1722 512 1811 543 prae-

1024 551 1118 591 cepti,
1135 551 1209 582 licet
1231 561 1296 583 non
1321 553 1424 593 plene.
1441 554 1474 585 Si
1497 557 1606 586 autem
1626 555 1811 596 ignorantia

1024 607 1071 636 cst
1099 605 1280 637 introducta
1311 616 1368 646 per
1397 609 1628 648 praeambulam
1656 610 1782 650 culpam
1797 635 1808 651 ,

1023 658 1105 690 sicut
1128 659 1162 689 in
1185 659 1273 691 ebrio
1296 662 1327 691 et
1350 661 1487 701 furioso,
1512 672 1650 703 quorum
1671 666 1808 705 uterque

1024 713 1236 753 praecipitavit
1252 723 1285 745 se
1299 714 1333 746 111
1349 715 1409 746 hoc
1424 725 1481 756 per
1497 716 1624 757 culpam
1640 727 1744 756 suam,
1764 718 1809 749 sic

1022 775 1088 797 non
1107 769 1240 798 excusat
1261 777 1280 799 a
1303 771 1389 808 toto,
1407 770 1481 809 sed,
1507 772 1543 801 ut
1564 770 1638 802 dicit
1662 771 1809 802 Philoso-

1022 819 1141 859 phus1,
1160 821 1270 852 ebrius
1285 822 1382 853 habet
1396 823 1537 863 duplices
1555 824 1806 863 maledictiones,

1022 883 1122 904 unam
1137 884 1194 914 pro
1209 875 1302 915 culpa
1315 877 1518 916 praecedenti,
1530 878 1626 908 aliam
1641 887 1699 919 pro
1711 878 1806 918 culpa

1021 929 1179 967 sequenti.
1205 929 1274 960 Non
1296 932 1403 961 tamen
1429 932 1556 971 proprie
1578 932 1737 972 loquendo
1758 935 1806 963 est

1020 980 1212 1021 dicendum,
1229 983 1315 1023 quod
1341 984 1451 1015 ebrius
1472 985 1592 1025 aliquid
1617 988 1803 1026 perpetrans

1019 1043 1139 1065 novam
1163 1036 1290 1076 culpam
1319 1038 1516 1077 committat;
1543 1039 1596 1069 sed
1627 1048 1668 1070 ex
1692 1049 1803 1071 conse-

1020 1089 1129 1127 quenti
1144 1089 1254 1129 culpa,
1271 1094 1477 1130 aggravatur
1490 1093 1609 1132 priina,
1629 1095 1662 1123 nt
1676 1088 1804 1125 videtur

1020 1142 1126 1180 magis
1156 1143 1282 1183 peritis,
1319 1146 1468 1184 quaznvis
1500 1146 1599 1186 aliqui
1632 1147 1802 1187 dixerunt,

1019 1195 1103 1234 quod
1134 1199 1251 1235 praeter
1279 1198 1407 1238 culpam
1433 1200 1572 1239 prunam
1596 1200 1629 1230 in
1653 1201 1805 1233 ebrietate

1019 1250 1234 1289 commissam,
1252 1253 1390 1284 secundo
1406 1254 1586 1285 committat
1600 1264 1731 1286 novam.

1060 1304 1228 1335 Peccatum
1244 1315 1284 1336 ex
1309 1307 1483 1346 industria,
1500 1309 1567 1339 sive
1583 1309 1617 1339 in
1642 1309 1800 1349 Spiritum

1017 1360 1163 1389 sanctum
1176 1384 1183 1397 ,
1201 1362 1249 1390 est
1260 1361 1384 1391 aversio
1400 1362 1574 1393 voluntatis
1593 1364 1800 1403 malignantis

1018 1422 1035 1442 a
1051 1422 1179 1443 summo
1194 1414 1349 1446 clemente
1366 1416 1439 1446 Deo.
1459 1416 1556 1455 Cujus
1573 1421 1648 1448 sunt
1664 1427 1719 1449 sex
1738 1419 1800 1449 ‹lif—

1017 1466 1178 1506 ferentiae,
1200 1468 1317 1499 scilicet
1340 1470 1533 1509 desperatio,
1561 1472 1772 1512 praesumptio
1793 1497 1800 1511 ,

1017 1520 1222 1560 impugnatio
1234 1523 1377 1553 veritatis
1392 1524 1525 1562 agnitae,
1543 1524 1721 1556 invidentia
1739 1527 1800 1557 sra-

1018 1575 1117 1605 ternfe
1131 1575 1261 1614 gratiae,
1279 1577 1448 1608 obstinatio
1464 1579 1596 1617 mentis,
1615 1580 1719 1610 finalis
1741 1581 1801 1611 im-

1018 1628 1214 1666 poenitentia.
1249 1629 1392 1667 Quarum
1421 1633 1610 1663 sufficientia
1645 1635 1800 1675 accipitur

1016 1681 1060 1711 sic
1077 1691 1084 1711 :
1102 1681 1187 1713 Istud
1203 1686 1366 1722 peccatum
1382 1685 1554 1725 impugnat
1570 1689 1711 1726 gratiam
1727 1699 1798 1729 pee-

1015 1735 1232 1773 nitentialem,
1258 1747 1314 1777 per
1330 1748 1428 1778 quam
1452 1740 1487 1770 fit
1504 1741 1650 1772 remissio
1675 1744 1796 1782 pcccati

1014 1797 1034 1818 a
1049 1788 1111 1819 Deo
1127 1789 1212 1820 intra
1232 1791 1477 1824 ecclesiasticam
1498 1795 1665 1826 unitatem.
1692 1797 1799 1829 Potest

1015 1851 1094 1882 ergo
1117 1843 1314 1884 impugnare
1334 1847 1553 1886 poenitentiam
1576 1849 1609 1880 in
1625 1860 1677 1889 se,
1701 1854 1732 1881 ct
1753 1853 1796 1883 sic

1014 1900 1090 1928 sunt
1104 1898 1177 1929 duee
1193 1900 1314 1939 species
1326 1925 1333 1938 ,
1359 1902 1434 1941 quia
1450 1904 1636 1943 poenitentia
1652 1906 1725 1937 facit
1746 1917 1795 1938 re-

1014 1951 1100 1981 silire
1115 1962 1132 1982 a
1147 1954 1327 1985 commissis
1338 1980 1345 1994 ,
1364 1959 1473 1987 contra
1488 1958 1573 1997 quod
1589 1961 1635 1989 est
1654 1960 1795 1992 obstina-

1013 2004 1057 2034 tio
1071 2005 1203 2043 mentis;
1221 2006 1292 2037 facit
1308 2008 1404 2039 etiam
1422 2019 1603 2049 praecavere
1618 2022 1636 2043 a
1651 2014 1797 2045 commit-

1012 2059 1126 2096 tendis,
1144 2062 1255 2090 contra
1270 2062 1355 2100 quod
1370 2064 1420 2092 est
1432 2063 1536 2094 finalis
1549 2064 1792 2106 impoenitenlia,

1012 2111 1043 2141 id
1059 2113 1106 2142 est
1121 2113 1323 2152 propositum
1341 2125 1511 2156 nunquam
1536 2118 1672 2149 finaliter
1688 2122 1792 2160 poeni-

1012 2165 1109 2195 tendi.
1127 2166 1158 2195 Si
1175 2169 1284 2197 autem
1300 2168 1474 2208 impugnat
1490 2172 1627 2209 gratiam
1642 2175 1794 2212 poeniten-

1012 2218 1120 2248 tialem
1142 2219 1173 2248 in
1202 2222 1441 2260 comparatione
1464 2224 1504 2254 ad
1528 2224 1628 2255 Deum
1651 2251 1659 2265 ,
1685 2237 1704 2258 a
1730 2238 1794 2268 quo

1012 2270 1118 2309 datur,
1136 2273 1179 2302 sic
1195 2276 1241 2303 est
1258 2274 1376 2314 duplex
1392 2278 1523 2316 species.
1542 2277 1622 2310 Nam
1638 2283 1648 2299 ²
1664 2283 1793 2315 univer-

1012 2332 1055 2355 sce
1077 2326 1139 2357 vice
1163 2327 1316 2366 Domini,
1342 2330 1570 2364 misericordia
1595 2337 1623 2366 et
1649 2337 1790 2376 veritas,

1011 2381 1078 2412 sive
1098 2383 1234 2421 justitia.
1261 2384 1509 2418 Miserivordiam
1536 2390 1709 2431 impugnat
1737 2395 1791 2425 ‹le-

1011 2437 1165 2475 speratim
1190 2438 1350 2477 jtislitiam
1373 2440 1546 2481 impugnat
1568 2432 1799 2487 praesumptior

1012 2488 1044 2518 Si
1060 2492 1167 2520 autem
1183 2491 1356 2531 impugnat
1379 2496 1517 2532 gratiam
1538 2499 1789 2537 poenitentialem

1011 2542 1044 2572 in
1076 2546 1311 2584 comparatione
1328 2547 1367 2577 ad
1387 2548 1542 2581 unitatem
1568 2552 1736 2592 Ecclesiae,
1756 2557 1789 2586 in

1010 2606 1073 2635 qua
1089 2598 1252 2637 recipitur,
1267 2599 1312 2629 sic
1321 2601 1368 2630 est
1383 2600 1500 2641 duplex
1515 2609 1690 2643 peceatum.
1709 2608 1786 2639 Nam

1045 2660 1050 2672 ¹
1066 2660 1151 2689 Arist„
1168 2662 1261 2692 Etsn'c„
1276 2661 1321 2688 lib.
1335 2662 1383 2695 111,
1398 2671 1420 2688 c.
1437 2671 1461 2689 v.
1473 2680 1502 2684 --
1514 2668 1598 2692 2Ρεαί.
1613 2676 1686 2701 xxm,
1703 2672 1739 2696 10.

1842 1313 1927 1334 Pecoati

1820 1345 1842 1364 in
1855 1345 1925 1370 Spiri-

1818 1377 1928 1396 1111113836-

1819 1408 1866 1427 tum
1887 1413 1926 1427 sex

1819 1438 1911 1464 speciem
