2003 3037
746 185 796 218 DE
817 184 948 218 STATU
967 183 1129 217 FlNALIS
1148 183 1297 217 JUDICII.

210 255 354 296 appetitu
369 255 507 286 invicem
526 253 708 295 copulavit;
727 253 766 285 ad
782 253 989 293 gubernatio-

209 317 284 340 nem
301 317 378 340 vero
402 308 552 349 subjecit,
576 308 608 339 et
627 307 660 338 in
676 308 760 338 statu
776 307 882 338 meriti
897 307 986 346 fecit,

209 365 246 394 ut
261 362 394 403 spiritus
407 361 671 394 condescenderet
684 362 716 392 et
728 361 905 392 intenderet
921 369 988 392 cor-

210 416 278 457 pori
294 415 515 455 gubernando,
530 415 659 455 propter
673 414 862 446 exercitium
874 414 907 445 in
918 423 986 446 me-

209 470 308 501 rendo
317 480 324 508 ;
342 478 400 500 nec
414 467 566 500 naturalis
581 468 741 508 appetitus
753 468 883 509 patitur,
903 468 988 508 quod

209 523 317 554 anima
329 523 368 554 sit
383 522 473 563 plene
485 522 587 560 beata,
600 522 662 552 nisi
676 522 864 553 restituatur
879 522 907 552 ei
922 530 988 553 cor-

209 586 280 617 puS,
299 577 339 609 ad
354 576 440 617 quod
453 575 684 607 resumendum
701 575 797 607 habet
811 576 988 607 inclinatio-

208 639 282 662 nem
305 629 495 661 naturaliter
524 629 697 668 insertam;
731 639 790 660 nec
818 630 988 669 regiminis

209 684 286 716 ordo
309 683 461 722 sustinet,
479 683 564 724 quod
579 683 767 714 restituatur
790 692 907 724 corpus
921 684 987 724 spi-

207 738 284 770 ritui
297 738 409 776 beato,
433 737 495 768 nisi
516 746 573 778 per
587 738 697 768 omnia
712 737 757 768 illi
775 739 937 770 conforme
957 741 988 770 et

207 792 405 832 subiectum,
422 793 580 832 quantum
600 793 701 832 potest
722 801 837 833 corpus
857 793 987 833 spiritui

208 845 422 877 conformari:
448 845 599 886 quoniam
619 855 698 886 ergo
724 846 855 886 spiritus
876 849 924 878 est
938 847 987 879 vi-

207 900 294 931 sione
320 899 400 930 lucis
426 901 555 930 aeternae
570 900 777 939 clarificatus3
803 900 873 932 ideo
895 901 988 932 debet

208 953 241 983 in
257 954 326 993 ejus
342 962 472 993 corpore
492 953 618 984 claritas
632 953 711 984 luris
728 955 926 994 permaxime
940 964 988 986 re-

207 1007 337 1038 sultare.
361 1006 442 1044 Quia
464 1016 540 1038 vero
564 1007 731 1038 dilectione
757 1007 842 1038 illius
867 1009 987 1039 summi

206 1060 336 1100 spiritus
351 1062 398 1091 cst
419 1069 545 1091 summe
563 1060 736 1100 spiritualis
751 1061 898 1100 effectus;
916 1062 987 1094 ideo

207 1114 240 1145 in
266 1123 397 1154 corpore
422 1114 539 1146 habere
563 1114 656 1146 debet
683 1116 985 1155 correspondentem

207 1168 414 1199 subtilitatem
445 1171 477 1199 et
512 1169 778 1209 spiritualitatem.
810 1169 891 1207 Quia
916 1172 985 1202 ten-

207 1222 291 1253 tione
311 1223 496 1253 aeternitatis
512 1223 611 1254 sactus
632 1224 680 1254 est
694 1223 825 1255 omnino
839 1224 985 1264 impassi-

207 1275 278 1306 bilis
287 1287 295 1314 ;
314 1276 385 1307 ideo
400 1276 433 1306 iu
449 1286 581 1314 corpore
596 1278 665 1317 ers
679 1277 771 1308 dehet
787 1286 855 1309 esse
871 1278 987 1319 impas-

208 1329 341 1360 sibilitas
356 1329 540 1360 omnimoda
551 1354 559 1368 ,
575 1331 642 1360 tam
658 1330 752 1370 intra,
769 1340 867 1371 quam
882 1334 984 1364 extra.

208 1381 288 1420 Quia
303 1392 379 1414 vcro
391 1392 430 1414 ex
442 1383 489 1414 liis
505 1384 656 1415 omnibus
670 1385 801 1425 spiritus
816 1387 988 1427 promptis-

207 1436 308 1467 simus
323 1438 369 1467 est
390 1437 430 1468 ad
450 1437 646 1468 tendendum
667 1438 702 1469 in
725 1438 844 1478 Deum;
862 1440 932 1485 ideo
953 1440 987 1472 in

207 1499 337 1530 corpore
353 1490 494 1529 glorioso
508 1490 601 1522 debet
616 1500 744 1523 summa
758 1493 884 1533 agilitas
900 1503 988 1535 repe—

206 1543 274 1575 riri.
300 1544 458 1582 Quoniam
473 1544 577 1583 igitur
598 1555 654 1586 per
673 1545 732 1576 has
754 1549 893 1586 quatuor
911 1557 985 1588 pro-

206 1598 355 1639 prietates
384 1599 420 1629 fit
445 1607 562 1639 corpus
592 1599 718 1639 spiritui
749 1600 929 1641 conforme,
957 1603 988 1633 et

207 1651 303 1682 etiarn
318 1652 513 1692 subJectum3
528 1652 603 1683 hinc
617 1654 674 1691 est,
692 1653 775 1693 quod
791 1654 824 1684 in
839 1654 890 1685 his
905 1664 985 1695 qua-

207 1707 281 1736 tuor
299 1706 461 1746 praecipue
484 1706 587 1737 dotari
611 1706 737 1746 (licitur,
762 1709 884 1739 ratione
904 1719 985 1750 quoa

207 1768 282 1790 rum
302 1759 507 1790 idoneitatem
531 1760 626 1791 habet
649 1762 739 1801 sequi
763 1762 930 1802 spiritum,
956 1766 987 1795 et

207 1812 304 1843 locari
318 1813 352 1843 in
366 1813 498 1852 regione
514 1813 643 1853 coelesti,
657 1824 730 1855 quae
748 1818 795 1847 cst
809 1817 899 1856 regio
914 1817 988 1848 bea-

207 1869 325 1898 torum.
351 1867 387 1898 In
403 1868 470 1899 istis
486 1868 572 1899 enim
590 1870 852 1909 proprietatibus,
873 1871 985 1902 coeles-

207 1921 295 1952 tibus
310 1921 495 1961 corporibus
509 1922 714 1962 assimilatur,
730 1933 787 1963 per
801 1933 880 1964 quas
896 1926 987 1965 quasi

208 1974 367 2015 gradatim
390 1975 484 2006 distat
513 1984 629 2016 corpus
655 1976 780 2008 coeleste
808 1986 826 2008 a
848 1980 987 2018 quatuor

207 2028 389 2068 elementis;
413 2031 444 2060 et
463 2029 507 2059 sic
532 2029 587 2060 dos
610 2039 780 2070 corporum
800 2031 986 2073 quadrupli-

208 2084 277 2113 cata
291 2084 322 2113 et
335 2092 450 2122 corpus
461 2083 494 2113 iu
509 2092 542 2114 se
557 2083 733 2123 perfectum
745 2085 856 2124 reddit,
869 2087 901 2116 et
915 2095 987 2117 con-

209 2137 310 2167 forme
324 2137 510 2168 habitationi
525 2137 659 2176 coelesti,
683 2140 714 2168 et
736 2139 862 2178 spiritui
875 2140 985 2179 beato,

210 2198 266 2229 per
275 2199 372 2230 quem
385 2200 404 2220 a
415 2199 544 2222 summo
555 2191 656 2231 capite
666 2191 728 2222 Deo
739 2201 842 2232 usque
853 2193 885 2223 in
896 2203 986 2225 oram

210 2243 408 2281 vestimenti,
426 2243 543 2275 scilicet
558 2244 716 2284 corporis,
733 2245 898 2285 plenitudo
914 2247 987 2278 (lul-

209 2297 328 2328 cedinis
342 2299 373 2328 et
387 2298 591 2329 beatitudinis
607 2298 743 2329 ebrietas
759 2299 937 2339 redundat,
957 2303 987 2332 et

209 2357 365 2391 quantum
381 2353 427 2382 est
442 2351 602 2391 possibile,
621 2352 794 2384 derivatur.

250 2405 433 2443 Postremo,
450 2406 603 2445 quoniam
617 2406 671 2437 illa
692 2407 872 2446 praeiniatio
894 2408 988 2440 debet

210 2459 279 2490 fieri
293 2459 469 2490 secundum
484 2460 570 2499 quod
584 2460 684 2499 exigit
697 2461 866 2492 retributio
878 2463 966 2502 justa
977 2488 985 2502 ,

211 2514 241 2543 et
259 2513 425 2552 productio
445 2513 604 2552 virtuosa,
628 2516 658 2544 et
684 2515 874 2553 gubernatio
898 2517 987 2547 ordi-

211 2568 296 2604 nata,
310 2567 341 2597 et
350 2567 444 2597 etiam
455 2568 613 2608 reparatio
626 2567 777 2607 gloriosa3
792 2570 822 2600 et
836 2569 870 2599 in
885 2569 988 2601 diver-

211 2620 253 2650 sis
269 2619 382 2650 Christi
399 2621 552 2652 membris
566 2621 692 2654 diversa
707 2624 782 2653 sunt
796 2622 988 2655 charismata

214 2673 393 2713 gratiarum
407 2682 472 2706 non
485 2675 589 2708 solum
604 2677 763 2716 quantum
779 2676 819 2708 ad
834 2676 987 2709 interiora

1769 190 1826 221 341

1045 252 1146 291 dona,
1175 261 1291 284 verum
1315 253 1411 285 etiam
1434 257 1592 295 quantum
1613 255 1653 287 ad
1676 256 1829 287 exercitia

1046 306 1223 344 exteriora;
1241 315 1305 337 non
1318 306 1421 338 solum
1436 309 1540 349 quoad
1554 309 1695 348 habitus,
1712 318 1827 341 verum

1045 360 1142 391 etiam
1155 359 1260 400 quoad
1275 361 1392 396 status;
1409 370 1474 392 non
1491 362 1594 393 solum
1608 363 1713 403 quoad
1728 363 1827 404 perfe-

1046 413 1185 445 ctionem
1208 413 1371 445 charitatis
1393 415 1425 445 iu
1453 419 1573 456 mente,
1598 426 1712 448 verum
1729 418 1826 450 etiam

1045 469 1149 509 quoad
1159 469 1358 510 perfectionis
1365 470 1510 501 decorem
1516 473 1547 502 et
1553 472 1826 512 pulchritudinem

1046 522 1079 553 in
1093 532 1189 563 opere
1203 523 1358 563 corporali
1378 534 1384 554 z
1403 524 1478 555 hine
1491 527 1548 564 est,
1565 526 1649 566 quod
1665 526 1826 566 aliquibus

1046 576 1200 607 membris
1212 585 1276 607 non
1290 577 1394 608 solum
1408 578 1487 610 stola
1502 579 1618 610 animae
1634 589 1707 610 cum
1724 580 1827 611 tribus

1045 631 1114 670 ejus
1129 630 1267 669 dotibus,
1285 632 1316 661 et
1331 631 1411 662 stola
1426 633 1569 672 corporis
1584 642 1659 664 cum
1674 634 1824 674 quatuor,

1045 693 1161 715 verum
1176 684 1272 715 etiam
1288 684 1477 716 excellentia
1497 686 1645 726 quaedam
1659 687 1781 719 decoris
1796 690 1827 719 et

1046 738 1159 777 gaudii
1174 738 1317 777 debetur,
1334 741 1464 779 propter
1479 740 1699 780 excellentiam
1721 742 1824 782 perfe-

1044 792 1158 822 ctionis
1174 794 1203 822 et
1216 792 1338 823 decoris
1355 793 1454 824 habiti
1470 794 1504 824 in
1522 803 1653 835 corpore
1668 795 1824 828 virtuoso.

1046 845 1202 883 Quoniam
1232 846 1336 886 igitur
1365 846 1485 887 triplex
1513 849 1561 879 est
1592 857 1697 888 genus
1720 849 1827 891 operis

1045 899 1271 940 praecellentis⁷
1299 901 1473 940 perfeetum
1485 926 1492 940 ,
1518 902 1551 932 et
1576 901 1748 942 pulchrum
1759 928 1769 943 ‚
1796 906 1827 936 et

1044 953 1200 993 spirituali
1211 954 1314 985 forma
1328 954 1517 994 formosum,
1534 956 1711 988 secundum
1727 957 1827 999 tripli-

1045 1015 1115 1037 cem
1142 1007 1210 1038 vim
1236 1007 1353 1039 animae
1379 1019 1386 1039 ε
1414 1009 1591 1041 secundum
1614 1010 1803 1042 rationalem
1815 1035 1823 1051 ,

1045 1061 1230 1100 praedicatio
1245 1062 1390 1093 veritatis
1400 1063 1577 1103 perducens
1591 1063 1670 1095 alios
1687 1064 1726 1113 ad
1743 1065 1826 1097 salu-

1045 1115 1126 1152 tem;
1155 1115 1332 1147 secundum
1360 1117 1659 1157 concupiscibilem,
1687 1118 1827 1159 perfecta

1045 1168 1211 1199 declinatio
1222 1169 1552 1210 concupiScentiarum
1561 1195 1570 1209 ‚
1584 1180 1641 1211 per
1654 1171 1826 1212 integrita-

1044 1224 1109 1253 tem
1131 1225 1318 1263 perpetuam
1334 1225 1538 1256 continentiae
1560 1225 1748 1266 virginali53
1773 1236 1826 1259 se-

1044 1277 1188 1307 cundum
1217 1277 1408 1309 irascibilem
1422 1302 1432 1316 ,
1457 1279 1618 1320 perpessio
1648 1280 1759 1311 mortis
1786 1279 1826 1312 ad

1044 1330 1201 1361 honorem
1216 1331 1333 1362 Christi
1351 1341 1358 1363 :
1375 1332 1452 1363 hinc
1473 1335 1536 1373 est,
1551 1333 1637 1374 quod
1652 1333 1702 1364 his
1723 1334 1826 1366 tribus

1045 1385 1219 1425 generibus
1228 1387 1405 1426 justorum,
1418 1387 1537 1419 scilicet
1549 1388 1824 1429 praedicatoribus,

1044 1439 1227 1479 virginibus
1244 1442 1275 1471 et
1289 1441 1488 1482 martyribus
1503 1441 1637 1473 debetur
1650 1442 1705 1474 illa
1719 1443 1827 1474 excel-

1043 1491 1141 1522 lentia
1169 1492 1294 1532 praemii
1322 1493 1524 1524 accidentalis
1538 1517 1548 1532 ,
1580 1494 1667 1534 quod
1694 1495 1825 1526 aureola

1044 1548 1261 1586 nuncupatur,
1276 1547 1361 1587 quod
1375 1547 1415 1578 ad
1429 1547 1576 1579 decorem
1588 1548 1676 1587 facit,
1693 1558 1759 1580 non
1775 1557 1826 1580 so-

1043 1599 1113 1630 lum
1126 1599 1254 1638 animae,
1269 1609 1382 1632 verum
1392 1601 1489 1632 etiam
1503 1602 1662 1642 corporis:
1676 1603 1751 1643 quia
1760 1612 1825 1635 non
1871 1618 1876 1624 -

1044 1653 1189 1684 redditur
1203 1653 1362 1685 voluntati
1378 1656 1513 1694 tantum⁷
1530 1655 1584 1686 sed
1599 1656 1690 1696 operi
1704 1656 1826 1688 extrin-

1044 1715 1126 1745 seco,
1142 1707 1348 1738 substernens
1363 1708 1423 1739 sibi
1437 1709 1589 1740 meritum
1604 1711 1636 1741 et
1653 1710 1826 1750 praemium

1043 1761 1220 1801 charitatis⁷
1236 1763 1322 1803 quod
1337 1763 1481 1794 consistit
1496 1765 1528 1794 in
1543 1764 1720 1805 septiformi
1741 1765 1825 1804 dote,

1043 1816 1158 1856 triplici
1186 1816 1316 1855 animae,
1342 1818 1374 1847 et
1395 1817 1597 1858 quadruplici
1622 1818 1776 1859 corporis,
1793 1819 1827 1850 in

1043 1870 1161 1909 quibus
1176 1869 1334 1901 clauditur
1348 1871 1595 1910 consummatio,
1613 1872 1781 1911 integritas
1795 1875 1827 1904 et

1042 1923 1208 1963 plenitudo
1223 1923 1371 1954 omnium
1383 1924 1544 1955 bonorum
1560 1925 1771 1965 spectantium
1786 1927 1826 1958 ad

1043 1977 1156 2017 gloriae
1195 1977 1476 2018 complementum.
1513 1979 1626 2017 Qualia
1656 1981 1765 2011 autem
1795 1982 1827 2012 et

1042 2033 1163 2071 quanta
1184 2031 1247 2062 sint
1268 2031 1341 2070 illa,
1367 2041 1431 2063 non
1446 2032 1545 2064 verba
1559 2041 1648 2073 mea,
1673 2033 1727 2064 sed
1742 2034 1826 2065 beati

1042 2085 1187 2116 Anselmi
1203 2086 1374 2125 ponantur.
1391 2086 1444 2118 Ait
1465 2087 1552 2117 enim
1568 2086 1602 2118 in
1617 2087 1682 2118 fine
1696 2087 1825 2120 Proslo·

1042 2140 1092 2179 92⁸2*
1105 2140 1112 2156 ¹
1131 2148 1136 2169 :
1154 2151 1168 2168 α
1184 2139 1329 2170 Excitare
1342 2149 1446 2178 nunc,
1461 2140 1568 2171 anima
1582 2150 1674 2179 mea,
1690 2143 1721 2172 et
1736 2142 1826 2181 erige

1042 2194 1146 2223 totum
1159 2192 1355 2223 intellectum
1371 2195 1477 2231 tuum,
1490 2194 1521 2224 et
1536 2193 1653 2233 cogita,
1665 2196 1825 2234 quantum

1042 2247 1142 2285 potes,
1160 2246 1254 2286 quale
1270 2248 1300 2277 et
1312 2248 1471 2286 quantum
1487 2247 1527 2278 sit
1541 2247 1622 2278 illud
1637 2247 1772 2280 bonum.
1791 2247 1825 2280 Si

1042 2299 1128 2330 enim
1143 2299 1273 2339 singula
1288 2300 1372 2330 bona
1394 2300 1591 2332 delectabilia
1605 2303 1682 2332 sunt
1689 2325 1699 2340 ‚
1716 2301 1824 2341 cogita

1042 2353 1175 2391 intente,
1187 2362 1284 2394 quam
1295 2354 1479 2385 delectabile
1494 2354 1573 2386 illud
1587 2355 1722 2394 bonum,
1738 2356 1823 2395 quod

1042 2407 1181 2438 continet
1202 2408 1438 2447 Jucunditatem
1459 2409 1608 2440 omnium
1630 2409 1791 2440 bonorum
1813 2420 1829 2439 :·

1042 2470 1107 2492 non
1121 2461 1249 2501 qualem
1263 2462 1297 2492 iu
1311 2462 1408 2493 rebus
1423 2463 1535 2493 creatis
1553 2472 1665 2494 sumus
1682 2464 1820 2503 experti,

1042 2515 1096 2546 sed
1110 2517 1197 2545 tauto
1212 2515 1423 2555 differentem,
1441 2519 1561 2556 quanto
1577 2517 1682 2548 differt
1697 2517 1823 2548 Creator

1043 2578 1062 2600 a
1086 2570 1241 2600 creatura.
1266 2568 1299 2600 Si
1323 2570 1409 2600 euim
1431 2570 1516 2602 bona
1538 2573 1584 2602 est
1608 2572 1676 2603 vita
1699 2573 1821 2610 creata,

1043 2633 1142 2665 quam
1156 2624 1241 2655 bona
1255 2626 1302 2655 est
1316 2624 1383 2655 vita
1397 2626 1554 2656 creatrix!
1574 2625 1605 2656 Si
1619 2625 1763 2665 J'ucunda
1775 2626 1823 2655 est

1075 2687 1081 2701 ¹
1098 2686 1221 2718 Anselm.,
1236 2686 1360 2719 Prosloq.,
1375 2695 1397 2713 c.
1413 2693 1483 2713 xxiv.

1847 1508 1941 1528 Aureolo

1854 1539 1936 1566 quibus

1848 1571 1945 1593 redden·
