2003 3037
157 913 236 934 Suffra-

130 945 166 970 gin
193 946 234 965 Ec—

150 976 221 998 clanim

140 1007 222 1034 quibus

129 1045 172 1059 non
182 1045 233 1066 pro-

129 1071 180 1090 sint.

158 2198 229 2218 Eccle-

122 2229 159 2249 siae
183 2229 228 2249 sui-

142 2260 211 2286 fragia

136 2291 217 2317 quibus

141 2323 212 2348 magis

123 2354 217 2380 prosint.

260 185 318 221 33AE

257 257 386 288 sanctus
400 255 606 296 Augustinus
623 255 699 288 dicit
707 257 729 296 ¹,
747 257 832 298 quod
847 258 969 290 curatio
981 258 1036 290 fu-

256 309 352 347 neris,
363 309 501 341 conditio
512 309 698 350 sepulturae,
710 312 742 342 et
757 319 875 352 pompa
888 311 1036 352 exequia-

256 371 346 401 rum,
372 363 478 404 magis
503 365 580 395 sunt
605 363 718 395 solatia
746 364 910 404 vivorum,
936 373 1034 405 quam

256 416 399 448 subsidia
413 418 632 449 mortuorum.

294 469 458 511 Amplius,
484 470 562 511 quia
582 471 675 502 debet
696 470 741 502 ibi
767 470 888 502 servari
907 471 1036 511 justitia

254 524 476 556 conservativa
499 523 619 556 ordinis
639 526 670 556 et
685 524 856 564 regiminis
876 525 1032 565 universi,

253 580 285 608 et
297 577 368 609 haec
382 578 485 617 exigit
497 580 534 609 ut
546 577 583 609 in
597 577 885 609 communicatione
898 578 1032 610 intluen-

253 631 372 662 tiarum
385 631 527 663 salvetur
538 631 628 670 ordo,
644 633 676 663 et
688 631 873 672 symbolum
885 630 970 662 inter
983 640 1032 671 ea,

253 684 287 715 in
303 684 421 725 quibus
435 687 466 716 et
479 685 512 716 in
527 694 601 726 quae
615 685 792 716 influentiae.
807 684 870 716 illae
884 687 1031 724 manant;

253 749 289 772 ac
313 750 370 781 per
387 741 449 773 hoc
471 741 606 773 inferius
629 750 694 773 non
715 741 827 772 debeat
848 741 981 773 influere
998 741 1032 772 in

251 793 329 825 illud
351 795 436 835 quod
459 797 507 826 est
529 804 647 836 supra,
663 803 768 836 neque
782 794 816 826 in
832 795 863 826 id
885 794 970 835 quod
986 796 1033 826 est

250 857 308 888 per
340 848 562 880 omnimodam
597 848 780 879 distantiam
813 847 1001 888 elongatum
1023 859 1030 879 :

251 901 326 932 hinc
335 904 382 933 est
394 902 479 943 quod
491 901 649 942 suffragia
661 901 809 933 Ecclesiae
819 910 886 933 non
899 904 1034 942 possunt

251 955 357 987 valere
372 955 424 986 his
447 956 503 996 qui
523 957 598 986 sunt
618 955 651 986 in
674 955 810 994 inferno,
833 956 908 995 quia
922 957 997 986 sunt
1013 965 1032 987 a

249 1017 381 1049 corpore
407 1008 522 1040 Christi
547 1008 680 1049 mystico
708 1008 834 1049 penitus
860 1009 996 1049 separati
1022 1020 1029 1041 :

249 1062 334 1093 unde
358 1062 446 1093 nulla
469 1061 643 1103 spiritualis
663 1062 833 1092 inssuentia
856 1062 967 1102 capitis
991 1062 1030 1093 ad

249 1125 302 1147 eos
324 1116 485 1156 pervenit,
506 1125 563 1147 nec
582 1116 627 1146 eis
645 1116 789 1156 prodest,
808 1115 889 1146 sicut
909 1124 968 1146 nec
984 1115 1031 1146 in-

251 1170 382 1200 fluentia
402 1169 513 1210 capitis
540 1169 666 1209 prodest
686 1168 840 1199 membris
858 1177 877 1199 a
898 1178 1030 1209 corpore

248 1222 431 1262 amputatis.
455 1221 535 1252 Hinc
552 1224 599 1252 est
621 1221 736 1260 etiam,
758 1221 844 1262 quod
865 1229 929 1252 non
954 1230 1027 1261 pro-

248 1278 324 1306 sunt
348 1275 468 1314 beatis,
492 1275 568 1316 quia
594 1277 670 1305 sunt
690 1274 823 1305 omnino
847 1274 1029 1314 superiores

249 1328 426 1359 secundum
447 1330 585 1366 statum,
599 1330 629 1358 et
645 1329 710 1368 jam
735 1327 768 1358 in
788 1328 926 1359 termino
945 1328 1027 1359 exis-

248 1384 348 1413 tentes
371 1391 434 1412 non
455 1384 589 1422 possunt
607 1382 647 1412 ad
670 1382 783 1412 altiora
805 1382 1026 1419 conscendere,

248 1435 302 1466 sed
320 1435 426 1474 magis
440 1445 457 1466 e
472 1444 626 1466 converso
642 1435 699 1475 ipsi
724 1437 858 1475 prosunt
877 1435 980 1473 nobis,
998 1437 1029 1466 et

247 1498 359 1520 eorum
375 1490 548 1528 orationes,
566 1499 641 1520 nam
661 1492 693 1520 et
712 1490 773 1521 hoc
791 1491 979 1520 meruerunt
995 1489 1027 1519 in

247 1552 341 1574 carne
355 1552 362 1574 :
376 1543 446 1574 ideo
462 1543 616 1584 disposuit
631 1543 709 1574 ordo
723 1543 862 1582 divinus,
882 1546 917 1574 ut
931 1543 1027 1574 etiam

246 1596 323 1636 ipsis
342 1597 458 1628 sanctis
480 1597 534 1628 Dei
556 1598 715 1628 orationes
732 1597 924 1635 offerantur,
947 1599 1027 1628 utet

246 1650 306 1690 ipsi
326 1650 546 1690 suffragentur
565 1651 657 1682 nobis
679 1651 716 1681 ad
739 1650 848 1681 divina
874 1650 1026 1681 beneficia

246 1702 454 1743 impetranda.
471 1704 540 1735 Non
556 1706 691 1744 prosunt
711 1712 790 1742 ergo
809 1703 854 1734 eis
867 1703 1027 1734 ecclesias-

245 1756 306 1788 tica
320 1757 487 1797 suffragia,
505 1758 559 1788 sed
576 1757 680 1797 magis
696 1757 788 1787 nobis
804 1759 937 1797 prosunt
955 1767 1022 1788 sua.

246 1810 350 1843 Restat
371 1812 473 1851 igitur
494 1811 579 1852 quod
595 1813 729 1852 prosunt
747 1811 821 1842 solis
837 1812 950 1851 Justis,
969 1812 1024 1851 qui

244 1867 319 1896 sunt
340 1866 373 1896 in
396 1865 499 1906 poenis
522 1865 713 1906 purgatorii.
735 1864 814 1895 Nam
838 1864 881 1894 ibi
903 1865 1024 1895 ratione

244 1928 359 1959 poenae,
376 1922 405 1950 et
421 1919 617 1959 impotentiae
633 1928 666 1949 se
678 1918 811 1958 Juvandi
825 1943 831 1956 ,
849 1921 923 1948 sunt
942 1918 1024 1949 vivis

244 1972 433 2010 infcriores;
465 1973 586 2003 ratione
615 1981 691 2003 vero
716 1971 871 2011 justitiae,
901 1972 1023 2002 caeteris

244 2024 397 2054 membris
424 2023 571 2054 Ecclesiae
594 2025 669 2053 sunt
701 2023 863 2062 conjuncti
888 2034 894 2052 :
922 2023 964 2053 ita
989 2025 1024 2053 ut

244 2077 358 2108 merito
381 2077 426 2107 eis
454 2076 600 2107 Ecclesiae
624 2079 740 2107 sanetae
768 2076 880 2107 merila
904 2076 1023 2116 possint

244 2133 372 2171 propter
387 2130 571 2170 symbolum
585 2132 615 2160 et
632 2129 776 2160 ordinem
794 2129 978 2168 suffragari.

286 2184 468 2222 Postremo,
485 2184 637 2224 quoniam
659 2183 750 2214 debet
773 2183 806 2213 iu
830 2184 880 2213 his
901 2184 1021 2214 servari

243 2238 375 2278 justitia,
393 2248 466 2278 quae
482 2240 592 2278 pensat
602 2237 799 2276 exigentiam
814 2238 1019 2274 mcritorum;

247 2292 321 2322 hinc
336 2294 399 2331 est,
418 2291 502 2332 quod
521 2291 678 2329 suffragia
695 2291 765 2329 illa,
788 2300 860 2330 quie
876 2300 1020 2321 commu-

247 2345 328 2376 niter
342 2347 422 2375 liunt
435 2354 492 2384 pro
505 2344 669 2382 defunctis,
687 2344 754 2374 licet
769 2344 918 2375 omnihus
931 2345 1022 2375 honis

248 2399 373 2429 valcant
388 2408 446 2438 pro
462 2398 591 2428 modulo
605 2407 680 2436 silo,
701 2397 750 2427 liis
765 2400 870 2427 tamen
886 2399 1022 2438 amplius

247 2451 368 2490 valent,
385 2451 439 2490 qui
460 2451 565 2489 magis
586 2453 772 2480 meruerunt
794 2453 828 2480 ut
851 2450 910 2480 sibi
934 2451 1020 2481 vale-

246 2506 317 2535 rent
332 2507 362 2534 et
382 2504 581 2544 prodessent,
598 2503 675 2534 (lum
696 2496 786 2533 crant
801 2503 832 2533 in
848 2506 931 2534 statu
947 2505 1018 2535 vIae.

248 2558 301 2588 illa
323 2566 416 2594 vero,
438 2566 510 2597 quae
530 2557 706 2596 specialiter
729 2558 811 2587 fiunt
835 2566 890 2596 pro
906 2557 1019 2597 aliqui-

278 2640 286 2655 ¹
299 2641 374 2669 Aug„
388 2637 417 2661 de
433 2638 500 2662 Cum(
520 2644 564 2667 pro
581 2638 653 2660 ηιοιἸ.
668 2636 766 2667 (ιῃειιιίη
783 2644 806 2659 c.
820 2642 886 2660 11.—
902 2638 909 2650 ²
926 2639 931 2660 1
950 2638 1017 2667 Com,

245 2680 291 2704 vn,
306 2677 344 2700 ιιι.

829 187 1085 230 BREVILOQUII
1109 190 1210 226 PARS
1231 191 1299 224 Vll.

1093 258 1155 290 bus
1164 283 1172 299 ,
1191 259 1269 300 quia
1289 259 1423 291 intentio
1436 255 1580 291 facientis
1593 260 1641 291 est
1654 261 1755 301 reeta,
1771 262 1804 292 et
1817 269 1867 292 se-

1092 312 1236 344 cundum
1269 313 1373 344 Deum
1406 312 1568 353 procedit,
1595 314 1628 344 et
1662 312 1869 346 ecclesiastica

1092 365 1250 399 institutio
1265 367 1385 407 absque
1405 366 1505 398 dubio
1519 375 1586 398 non
1606 367 1653 398 aet
1668 375 1780 398 cassat
1796 367 1868 399 ideo

1092 419 1164 459 plus
1190 420 1298 452 valent
1323 420 1403 460 illis,
1432 430 1491 462 pro
1517 420 1634 462 quibus
1661 419 1869 452 determinate

1091 472 1187 512 fiunt,
1202 473 1276 505 licet
1289 473 1385 505 etiam
1400 473 1473 505 aliis
1486 473 1594 515 aliquo
1608 473 1703 505 modo
1717 482 1870 506 commu-

1092 526 1249 559 nicentur.
1270 527 1334 559 Nec
1354 530 1462 559 tamen
1482 529 1614 568 possunt
1635 527 1682 559 ita
1699 527 1770 559 aliis
1789 527 1869 559 sub-

1092 580 1223 620 venire,
1238 581 1320 612 sicut
1332 581 1381 612 illi
1396 580 1563 622 principali
1578 589 1742 621 personae,
1758 589 1817 622 pro
1830 589 1869 613 eo

1092 633 1178 674 quod
1205 633 1278 664 licet
1304 633 1369 664 sint
1399 633 1598 674 spiritualia,
1626 636 1734 665 tamen
1759 634 1870 666 divina

1087 686 1213 726 ¹iustitia
1239 695 1296 726 pro
1321 686 1436 727 majori
1463 686 1558 727 culpa
1584 688 1741 728 majorem
1766 687 1869 727 exigit

1091 739 1280 779 emendam,
1307 742 1338 771 et
1366 749 1424 780 pro
1451 739 1600 781 pluribus
1627 740 1731 781 culpis
1758 740 1868 781 plures

1091 794 1252 825 emendas.
1269 793 1358 826 Unde
1372 793 1557 834 exemplum
1569 793 1608 825 de
1625 794 1765 833 lumine,
1782 794 1866 834 quod

1090 848 1256 888 aequaliter
1280 847 1439 879 illuminat
1462 847 1503 879 ad
1527 855 1628 878 unam
1648 856 1793 879 mensam
1816 856 1865 879 se-

1089 900 1217 939 dentes,
1235 910 1299 932 non
1319 901 1440 942 placet3
1457 901 1534 941 quia
1547 900 1733 941 hujusmodi
1751 901 1865 932 suffra-

1090 954 1144 994 gia
1159 954 1264 994 potius
1278 953 1446 985 assimilari
1460 953 1580 985 habent
1594 953 1703 994 pretiis
1719 953 1865 994 redemp-

1089 1002 1176 1047 tivisj
1191 1017 1286 1048 quam
1303 1007 1488 1047 hujusmodi
1506 1007 1680 1038 influentiis
1694 1006 1864 1038 diffusivis.

1089 1060 1252 1098 Quantum
1280 1064 1387 1092 autem
1418 1061 1545 1092 cuilibet
1573 1060 1779 1092 determinate
1808 1070 1866 1092 va-

1089 1114 1194 1153 leant,
1225 1114 1276 1145 ille
1303 1113 1565 1145 certitudinaliter
1589 1113 1727 1145 diffinire
1750 1113 1862 1152 habet,

1089 1169 1138 1208 cuj
1145 1178 1183 1199 us
1197 1170 1244 1199 est
1259 1168 1292 1198 in
1306 1168 1460 1206 reatibus,
1477 1170 1508 1198 et
1521 1167 1624 1208 poenis
1632 1190 1642 1206 ,
1657 1169 1688 1199 et
1701 1167 1866 1208 suffragiis

1089 1221 1251 1253 attendere
1267 1221 1408 1262 pondus,
1429 1229 1603 1253 numerum
1621 1223 1653 1252 et
1667 1230 1862 1252 mensuram.

1358 1335 1501 1369 CAPUT
1532 1335 1590 1370 lV.

1088 1419 1125 1445 De
1142 1419 1379 1446 concomitantibus
1392 1418 1536 1454 judicium,
1548 1419 1620 1446 sicut
1635 1420 1674 1446 esc
1689 1419 1863 1453 conflagratio

1417 1470 1529 1496 tontum.

1130 1542 1244 1573 lleinde
1258 1542 1378 1582 aliquid
1393 1541 1562 1573 dicendum
1577 1544 1624 1572 est
1641 1542 1681 1573 de
1701 1543 1861 1573 concomi-

1086 1596 1227 1627 tantibus
1246 1595 1419 1635 Judicium,
1448 1603 1521 1636 quae
1545 1597 1621 1626 sunt
1641 1595 1721 1634 duo,
1746 1596 1862 1627 scilicet

1085 1649 1294 1688 conflagratio
1310 1649 1435 1688 ignium
1450 1649 1699 1688 mundanorum,
1713 1651 1744 1681 et
1759 1658 1862 1681 resur-

1085 1704 1181 1735 rectio
1206 1712 1385 1743 corporum.
1418 1703 1459 1734 De
1484 1703 1735 1743 conflagratione
1760 1703 1862 1742 igitur

1084 1757 1145 1788 hoc
1159 1757 1332 1787 tenendum
1355 1759 1421 1795 est,
1438 1756 1523 1797 quod
1540 1757 1625 1796 ignis
1644 1757 1800 1797 praecedet
1813 1758 1859 1788 fa-

1083 1812 1163 1843 ciem
1177 1812 1312 1852 judicis,
1330 1821 1394 1852 quo
1409 1814 1502 1842 terrae
1518 1812 1611 1843 facies
1625 1814 1780 1843 exuretur
1791 1837 1798 1851 ‚
1816 1813 1860 1843 ita

1083 1866 1166 1906 quod
1203 1867 1311 1905 ligura
1340 1865 1439 1904 liujus
1474 1865 1585 1896 mundi
1622 1865 1857 1896 mundanorum

1083 1919 1210 1958 ignium
1225 1920 1264 1957 (ιι)
1284 1918 1532 1958 conflagratione
1548 1918 1676 1958 peribit,
1693 1919 1776 1949 sicut
1794 1919 1857 1949 fac-

1083 1975 1152 2003 tum
1168 1975 1213 2003 est
1229 1981 1384 2011 aquarum
1402 1971 1607 2001 inundatione
1623 1973 1764 2011 tempore
1779 1971 1860 2002 dilu-

1082 2026 1137 2057 vii.
1165 2026 1283 2056 Dicitur
1308 2027 1415 2055 autem
1435 2025 1444 2040 ¹
1468 2025 1608 2055 transire
1633 2024 1739 2063 Ῑῑςμινα
1763 2024 1858 2064 liujus

1082 2079 1199 2110 mundi
1209 2103 1216 2116 ‚
1250 2088 1314 2109 non
1350 2080 1508 2117 quantum
1544 2077 1584 2108 ad
1612 2077 1856 2109 destructionem

1083 2132 1211 2163 totalem
1225 2132 1325 2171 hujus
1337 2131 1448 2162 mundi
1462 2130 1630 2168 seiisibiliS‚
1643 2130 1696 2162 sed
1712 2131 1787 2171 quia
1802 2140 1858 2171 per

1081 2186 1236 2216 actionem
1252 2184 1337 2215 illius
1352 2183 1439 2223 ignis
1457 2183 1565 2214 omnia
1586 2182 1791 2215 elementaria
1805 2185 1855 2216 in-

1081 2238 1293 2276 flammantis,
1328 2238 1558 2268 consumentur
1586 2238 1794 2276 vegetabifia,
1825 2240 1857 2269 et

1081 2291 1228 2322 animalia
1241 2291 1478 2331 purgabuntur,
1495 2293 1526 2321 et
1540 2290 1780 2322 innovabuntur
1795 2291 1855 2322 ele-

1082 2348 1199 2382 menta,
1225 2345 1365 2375 maxime
1382 2352 1436 2374 aer
1457 2345 1604 2381 etiem-213
1627 2344 1853 2384 purgabuntur

1076 2399 1174 2438 justiv
1200 2401 1231 2429 ct
1253 2397 1429 2428 adurentur
1453 2397 1601 2437 reprobi:
1626 2398 1743 2437 quibus
1766 2398 1854 2428 sactis

1080 2451 1213 2481 cessabit
1232 2451 1327 2481 eliani
1350 2452 1455 2480 motus
1475 2450 1565 2488 coeli,
1583 2452 1618 2480 ut
1633 2450 1677 2480 sic
1697 2450 1853 2490 completo

1080 2513 1214 2535 numero
1231 2504 1415 2540 electorum,
1433 2503 1488 2533 ssat
1501 2503 1639 2542 quodam
1653 2503 1746 2534 modo
1759 2503 1851 2534 inno·

1080 2558 1164 2588 vatio
1177 2560 1207 2587 et
1222 2556 1400 2597 praemiatio
1414 2564 1584 2595 corporum
1600 2556 1850 2588 mundanorum.

1122 2611 1211 2642 Ratio
1240 2612 1346 2641 autem
1374 2609 1413 2640 ad
1445 2608 1688 2648 intelligentiam
1719 2610 1849 2650 praedic-

1111 2682 1141 2704 ψ]
1157 2674 1218 2698 Cic(-
1233 2674 1263 2696 cll
1277 2677 1294 2696 l.
1310 2672 1366 2696 (alil.
1386 2673 1418 2695 ct.
