2003 3037
218 194 278 226 386

217 262 245 293 si
260 258 523 300 inseparabiliter,
548 258 605 290 aut
620 256 798 288 secundum
822 256 996 297 superioris

217 312 398 356 superficiei
420 310 577 343 circulum
590 333 598 348 ‚
618 311 649 341 et
667 310 712 341 sic
733 312 782 341 est
807 310 994 352 olympum,

219 368 306 409 quod
326 365 429 399 monti
447 364 683 406 appropinquat
697 363 853 405 Olympo3
873 365 901 395 si
919 373 996 396 vero

217 419 447 462 separabiliter,
461 420 517 450 aut
527 417 704 450 secundum
714 418 914 458 superiorem
926 427 996 458 par-

216 477 280 507 tem
294 499 302 514 ‚
319 476 351 506 et
365 473 409 504 sic
423 474 470 504 est
480 472 676 510 aethereum3
689 473 745 503 aut
758 471 936 502 seeundum
950 472 996 502 in-

216 529 380 567 teriorem,
398 529 429 558 et
442 526 487 557 sic
501 528 549 557 est
562 535 705 557 aereum.

257 582 292 614 Si
304 584 412 613 autem
427 581 552 612 dicatur
565 579 683 611 coeium
696 581 813 610 natura
827 578 995 619 perspicua

216 636 399 669 contentiva
413 634 494 666 nulli
509 634 669 665 contraria
682 657 690 672 ,
708 633 753 663 sie
768 641 787 663 a
801 632 994 672 quibusdam

215 692 287 722 octo
297 690 390 721 orbes
398 688 657 728 distinguuntur,
671 686 789 717 scilicet
799 688 920 726 septem
931 685 995 726 pla-

213 747 362 776 netarum
377 752 450 774 cum
467 744 580 773 octava
594 741 738 782 sphaera;
764 749 783 770 a
801 739 993 780 quibusdam

214 797 354 838 amplius
363 796 515 834 eruditis,
531 804 667 832 novem;
684 794 724 824 ab
740 793 810 824 aliis
823 802 900 824 vero
915 793 992 824 ulte-

213 852 282 884 rius
295 851 475 889 illustratis,
493 850 613 881 decem.
639 848 764 879 Horum
778 849 887 878 autem
899 847 993 877 suffi-

212 905 328 936 cientia
337 905 382 935 sic
392 905 493 945 potest
503 903 613 943 accipi.
624 901 789 933 Distinctio
803 901 889 932 enim
901 901 993 932 coelo-

212 967 285 990 rum
297 982 306 997 ,
324 959 380 989 aut
399 959 446 988 est
461 966 516 997 per
532 956 670 996 primam
687 955 905 987 diversitatem
927 955 992 986 for-

212 1021 351 1050 marum,
367 1013 424 1042 aut
438 1013 485 1041 est
496 1019 552 1050 per
563 1009 786 1050 dispositiones
799 1011 948 1040 motuum
963 1011 993 1040 et

211 1066 661 1098 luminariumcontentorum.
672 1063 705 1094 Si
713 1072 768 1103 per
774 1063 991 1094 diversitatem

211 1121 390 1152 formarum
404 1143 412 1156 ,
429 1119 473 1149 sic
488 1118 734 1157 distinguuntur
750 1119 813 1147 tres
828 1117 897 1147 cmii
912 1129 918 1148 :
936 1120 992 1148 aut

211 1176 296 1206 enim
314 1175 346 1205 in
360 1174 438 1205 coelo
454 1173 545 1212 viget
561 1175 677 1203 natura
693 1173 840 1212 perfectae
856 1172 993 1203 lumino-

212 1229 332 1268 sitatis,
348 1231 379 1259 et
395 1228 440 1258 sic
455 1230 501 1258 est
517 1226 623 1257 habile
641 1226 679 1256 ad
695 1228 813 1256 statum
829 1226 946 1265 gloriae
962 1228 993 1257 et

211 1282 368 1323 quietum,
386 1281 431 1311 sic
445 1283 493 1311 est
507 1288 695 1319 empyreum
710 1289 717 1316 ;
730 1282 785 1310 aut
803 1279 892 1318 viget
907 1280 938 1309 in
954 1289 991 1310 eo

212 1339 327 1367 natura
342 1335 489 1375 perfecta:
505 1333 769 1373 perspicacitatis,
786 1336 816 1363 ct
836 1334 991 1364 effectivae

211 1387 408 1427 frigiditatis,
427 1388 457 1416 et
472 1385 517 1416 sie
531 1387 578 1416 est
592 1394 733 1425 aqueum
749 1409 756 1422 ,
776 1385 843 1415 sive
859 1385 992 1425 crystal-

210 1442 324 1479 linum,
342 1440 428 1480 quod
448 1439 520 1470 sat-it
536 1439 574 1469 ad
591 1439 864 1469 conservationem
883 1449 990 1469 rerum

211 1494 481 1535 corruptibilium,
502 1493 571 1523 ideo
589 1494 636 1522 est
657 1492 763 1523 habile
779 1492 818 1522 ad
844 1495 989 1531 motum3

211 1552 266 1580 aut
281 1549 370 1587 viget
393 1547 424 1577 in
448 1556 485 1578 eo
507 1547 621 1576 natura
646 1546 791 1585 persectae
814 1547 991 1586 perspicui-

212 1605 284 1634 tatis
299 1602 397 1633 simul
413 1607 444 1633 et
458 1600 685 1632 luminositatis
698 1624 706 1638 ‚
724 1603 754 1631 et
770 1601 924 1632 effectivae
939 1611 990 1632 ca—

211 1657 359 1695 liditatis,
388 1659 419 1686 et
439 1655 484 1686 sie
514 1657 561 1685 est
586 1655 745 1685 sidereum
762 1679 769 1691 ,
806 1655 891 1695 quod
920 1655 992 1685 sat-it

211 1710 513 1743 transmlitationem
533 1709 724 1739 inferiorum
742 1718 749 1738 ;
767 1708 837 1738 ideo
852 1711 898 1738 est
914 1709 992 1739 miil-

212 1767 355 1803 tisorme,
372 1764 478 1795 habile
493 1763 531 1793 ad
549 1765 684 1793 motuni.
707 1763 739 1793 Si
757 1772 832 1793 vero
849 1763 919 1793 coeli
936 1773 990 1803 pe-

212 1829 268 1850 nes
288 1820 436 1849 contenta
462 1815 632 1846 luminaria
657 1816 915 1855 distinguuntur,
946 1816 992 1846 sic

212 1876 259 1905 est
279 1873 407 1905 orbium
423 1870 581 1902 distinctio
596 1870 787 1900 attendenda
803 1882 809 1901 :
827 1873 881 1900 aut
903 1871 989 1901 enini

212 1928 297 1960 orbis
311 1927 450 1958 eontinet
465 1925 605 1955 siderum
623 1925 880 1963 multitudinem,
898 1927 928 1955 et
947 1925 991 1955 sic

213 1981 329 2013 coeluni
345 1980 505 2010 sidereum
516 2002 524 2016 ,
543 1978 610 2008 sive
626 1978 788 2008 stellarum
802 1990 809 2015 3
824 1980 879 2008 aut
894 1979 992 2008 conti-

213 2037 267 2065 net
282 2034 458 2071 unitatem,
475 2034 505 2062 et
521 2032 566 2061 sic
582 2034 701 2070 septem
718 2031 854 2071 planetae
869 2034 990 2071 septem

212 2088 343 2120 orbibus
357 2089 431 2117 sunt
446 2085 605 2122 distincti,
628 2085 747 2125 quibus
772 2086 896 2124 regitur
917 2086 989 2116 uni-

213 2142 348 2173 versitas
363 2143 544 2180 temporum
556 2163 564 2177 ,
581 2139 708 2170 dierum
723 2140 901 2179 septenario
921 2139 990 2170 dis-

212 2197 355 2236 pensata.

467 2288 615 2323 SECTIO
639 2289 730 2322 XIII.

220 2382 257 2408 De
271 2382 386 2416 quatuor
401 2377 542 2405 attributis
559 2377 672 2410 angelis,
688 2384 747 2403 cum
760 2377 913 2404 conditione
926 2380 978 2405 sui.

251 2466 293 2497 De
310 2467 424 2495 natura
439 2471 520 2503 pure
541 2461 719 2501 spirituali,
737 2462 918 2501 quusmodi
942 2468 987 2493 est

209 2521 376 2561 angelica,
402 2527 458 2549 sex
482 2526 537 2557 per
566 2515 710 2546 ordinem
732 2519 806 2546 sunt
827 2516 984 2555 videnda,

209 2575 328 2606 scilieet
343 2584 350 2604 2
367 2571 504 2603 conditio
518 2569 709 2609 angelorum
724 2569 888 2607 omnium;
908 2579 986 2610 prae-

210 2626 362 2661 varicatio
384 2624 604 2663 malignorum
633 2622 840 2662 daemonum3
868 2624 985 2655 coufir-

210 2681 306 2713 matio
333 2679 502 2710 beatorum
531 2676 720 2716 spii-unnim
753 2676 899 2707 diffinitio
926 2676 984 2707 ali-

875 185 1184 226 CENTILOQUIUM.

1053 263 1195 296 quorum
1218 256 1390 288 nominum
1411 257 1662 298 communium‚.
1674 267 1741 292 non
1759 268 1832 292 om·

1052 308 1145 340 nium
1166 320 1174 347 ;
1203 309 1318 341 divisio
1345 309 1603 342 hierarchiarum
1629 311 1832 347 diversorum

1052 364 1222 401 statuum;
1255 364 1423 396 custoditio
1451 365 1698 397 commissorum
1723 366 1830 399 homi-

1053 425 1144 448 num.
1161 416 1205 449 De
1219 418 1398 450 conditione
1417 427 1633 459 supernorum
1657 419 1830 460 spirituum

1052 475 1099 502 est
1120 472 1295 504 tenendum
1309 497 1317 511 ,
1348 474 1433 514 quod
1464 473 1589 513 angelis
1614 483 1633 505 a
1657 474 1831 514 primordio

1052 534 1120 557 suae
1136 526 1326 557 conditionis
1340 529 1417 558 sunt
1430 528 1572 567 quatuor
1585 527 1752 564 attributa,
1769 527 1832 560 sci-

1050 579 1123 610 lieet
1147 579 1334 620 simplicitas
1355 581 1500 612 essentiae
1513 605 1522 620 ,
1543 580 1702 612 distinctio
1721 589 1830 622 perso-

1050 634 1134 666 nalis
1150 658 1160 673 ,
1182 638 1313 675 propter
1342 635 1500 667 rationem
1533 634 1723 666 naturaliter
1751 634 1830 666 insi-

1050 689 1134 726 tam,
1158 689 1334 727 memoria,
1358 689 1589 729 intelligentia,
1617 691 1648 720 et
1663 688 1828 728 voluutas;

1050 744 1081 772 et
1106 741 1237 773 libertas
1259 742 1383 774 arbitrii
1399 743 1440 774 ad
1454 742 1640 783 eligendum
1656 742 1779 774 bonum
1799 744 1832 774 et

1050 795 1267 835 respuendum
1293 795 1426 828 malum.
1453 796 1529 827 Haec
1557 797 1666 827 autem
1691 797 1831 836 quatuor

1050 848 1237 888 principalia
1251 849 1403 881 attributa
1412 874 1420 888 ,
1445 849 1508 881 alia
1521 852 1659 890 quatuor
1673 849 1829 881 comitan-

1050 904 1103 933 tur
1119 913 1126 933 :
1145 903 1262 933 scilicet
1276 903 1460 934 virtuositas
1475 903 1510 933 in
1523 903 1697 943 operando,
1714 903 1830 934 officio-

1049 956 1124 986 sitas
1139 956 1172 986 in
1187 956 1409 995 ministrando,
1429 956 1655 997 perspicacitas
1667 956 1701 987 in
1711 965 1830 996 cogno-

1050 1009 1185 1048 scendo,
1210 1012 1241 1040 et
1264 1010 1506 1041 immutabilitas
1521 1011 1553 1041 in
1575 1009 1743 1050 eligendo;
1766 1010 1828 1041 im-

1050 1063 1249 1094 mutabilitas
1261 1088 1269 1102 ,
1287 1064 1419 1104 inquam
1429 1088 1436 1102 ,
1453 1066 1524 1104 post
1537 1063 1724 1095 electionem
1734 1087 1744 1102 ,
1762 1064 1830 1095 sive

1050 1117 1082 1146 in
1109 1118 1213 1155 bono,
1235 1117 1302 1148 sive
1324 1118 1357 1148 in
1378 1117 1474 1149 malo.
1500 1117 1685 1148 Substantia
1711 1117 1829 1158 quippe

1049 1170 1223 1210 spiritualis
1239 1174 1269 1201 rt
1298 1171 1501 1211 incorporea,
1525 1170 1662 1211 simplex
1685 1173 1716 1201 et
1739 1171 1827 1201 omni

1048 1232 1159 1254 carens
1183 1224 1339 1254 divisione
1354 1224 1556 1264 quantitatis,
1575 1224 1759 1264 quusmodi
1780 1227 1828 1256 est

1049 1279 1164 1307 natura
1178 1277 1335 1317 angelica,
1349 1277 1409 1308 hoc
1426 1278 1505 1318 ipso,
1518 1277 1604 1318 quod
1619 1280 1666 1308 est
1678 1277 1825 1318 simplex,

1048 1333 1094 1361 est
1111 1331 1255 1362 virtuosa
1270 1332 1302 1362 in
1317 1331 1498 1371 operand0;
1518 1331 1579 1363 hoe
1594 1332 1662 1372 ipso
1676 1332 1763 1372 quod
1782 1333 1830 1363 est

1049 1385 1213 1423 virtuosa,
1231 1388 1261 1416 et
1277 1385 1486 1425 personaliter
1501 1385 1638 1416 discreta
1651 1409 1660 1424 ,
1678 1385 1829 1426 competit

1047 1441 1074 1470 ei
1090 1440 1251 1471 distinctio
1266 1441 1362 1471 ot'ticii
1379 1441 1411 1471 in
1426 1441 1651 1479 ministrand03
1669 1441 1731 1472 hoc
1745 1441 1826 1481 ipso,

1047 1494 1132 1534 qnod
1157 1497 1204 1526 est
1229 1495 1365 1535 simplex
1390 1498 1421 1526 vt
1440 1496 1602 1534 virtuosa,
1628 1495 1780 1535 competit
1798 1496 1827 1526 ei

1049 1549 1269 1590 perspicacitas
1284 1549 1317 1580 in
1333 1550 1542 1581 discernendo
1552 1559 1560 1588 3
1571 1550 1631 1581 hoc
1647 1550 1726 1590 ipso,
1741 1550 1826 1590 quod

1048 1606 1094 1633 est
1110 1602 1292 1642 perspicax,
1317 1604 1347 1633 et
1367 1602 1519 1643 simplex,
1547 1605 1578 1634 et
1598 1603 1719 1634 habens
1734 1603 1825 1634 intel-

1048 1657 1165 1686 lectum
1191 1656 1377 1687 deiformem
1393 1680 1400 1694 ,
1428 1656 1525 1687 habet
1551 1658 1622 1696 post
1642 1656 1826 1687 electionem

1048 1709 1250 1740 stabilitatem
1275 1709 1307 1739 in
1331 1709 1446 1747 eleeto,
1473 1709 1541 1739 sive
1565 1709 1685 1740 bonum
1709 1709 1824 1748 fuerit,

1047 1764 1113 1794 sive
1131 1762 1263 1793 malum.
1282 1763 1478 1793 Sustieientia
1494 1763 1611 1794 horum
1627 1765 1766 1803 quatuor
1781 1763 1826 1794 sic

1047 1818 1210 1858 accipitur.
1236 1816 1382 1856 Angelus
1405 1818 1508 1857 potest
1530 1817 1722 1847 considerari
1744 1826 1824 1857 qua-

1047 1871 1233 1910 drupliciter
1252 1882 1258 1901 ;
1277 1871 1394 1901 seilicet
1410 1871 1443 1901 in
1459 1880 1502 1908 se,
1518 1873 1548 1901 et
1562 1870 1606 1901 sic
1620 1873 1667 1901 est
1681 1871 1825 1902 essentiae

1047 1925 1248 1964 simplicitas3
1268 1925 1306 1954 ad
1323 1924 1460 1955 alterum
1478 1924 1651 1963 angelum,
1668 1924 1757 1955 etsie
1779 1927 1826 1956 est

1047 1979 1207 2009 distinctio
1230 1978 1424 2018 personalis,·
1444 1978 1483 2009 ad
1510 1977 1610 2008 Deum
1625 2001 1632 2013 ,
1662 1981 1694 2008 et
1717 1978 1762 2009 sic
1779 1981 1826 2010 est

1047 2032 1216 2069 memoria,
1236 2031 1447 2069 intelligentia
1466 2033 1497 2061 et
1512 2031 1677 2068 voluntas,
1703 2031 1736 2061 in
1751 2031 1822 2071 qui-

1046 2085 1106 2115 bus
1121 2085 1263 2115 consistit
1277 2085 1356 2115 ratio
1371 2084 1539 2124 imaginis,
1557 2084 1596 2115 ad
1613 2093 1650 2115 ea
1667 2094 1739 2124 quae
1754 2085 1824 2126 eJus

1046 2139 1198 2178 regimini
1213 2140 1287 2169 sunt
1301 2138 1461 2178 subjecta,
1478 2138 1568 2169 etsie
1583 2140 1632 2169 est
1644 2137 1774 2170 libertas
1788 2138 1825 2169 li·

1046 2192 1112 2223 beri
1127 2193 1259 2223 arbitrii.

1300 2287 1449 2322 SECTIO
1474 2288 1564 2321 XIV.

1109 2377 1145 2402 De
1163 2377 1388 2411 praevaricatione
1404 2377 1551 2411 spirituum
1568 2375 1755 2410 maliynorum.

1084 2460 1126 2491 De
1137 2461 1399 2501 praevaricatione
1413 2460 1637 2491 damnatorum
1649 2459 1819 2500 spirituum

1042 2517 1088 2546 est
1110 2514 1301 2552 tenendum,
1328 2514 1413 2554 quod
1438 2513 1562 2545 Lucifer
1585 2513 1709 2553 primus
1738 2513 1820 2545 inter

1042 2568 1175 2608 angelos
1189 2576 1390 2607 praesumens
1407 2567 1446 2597 de
1462 2566 1546 2597 bono
1561 2566 1707 2605 privato,
1726 2575 1820 2607 appe·

1041 2622 1090 2653 tiit
1105 2622 1263 2662 privatam
1287 2620 1523 2657 excellentiam.
1539 2620 1653 2652 volens
1675 2621 1745 2652 aliis
1762 2630 1818 2653 su-

1041 2675 1172 2715 perferri
1190 2685 1196 2704 :
1214 2674 1300 2711 ideo,
1322 2683 1396 2704 eum
1412 2673 1563 2704 omnibus
1578 2673 1817 2706 adhaerentibus
