2003 3037
229 177 290 207 304

229 240 393 274 beatitudo
407 237 587 270 secundum
603 236 663 268 has
681 236 762 268 duas
782 236 853 268 vias
863 260 874 276 ‚
889 235 1008 268 scilicet

230 293 351 326 esuries
360 316 368 331 ‚
383 292 452 325 sive
471 290 560 323 zelus
575 289 711 330 justitiae
723 313 732 328 ‚
747 291 779 322 et
793 289 927 322 affectus
946 289 1006 320 mi-

229 346 421 380 sericordiae.
438 343 597 383 Quoniam
618 345 727 375 autem
749 345 852 375 status
868 343 902 378 in
923 343 1008 384 opti-

229 411 284 434 mo
297 403 346 434 est
358 400 411 434 vel
432 408 491 441 per
510 398 680 439 limpidam
700 398 917 438 cognitionem
930 421 940 436 ,
959 397 1010 429 vel

179 487 182 490 .
230 464 288 496 per
298 453 507 495 tranquillam
523 451 739 489 affectionem;
753 451 830 483 hinc
843 453 910 490 est,
923 450 1008 492 quod

230 510 306 541 sunt
317 508 391 540 duae
404 507 529 539 ultimae
538 505 773 544 beatitudines,
786 504 905 536 scilicet
917 513 1010 535 mun-

230 563 310 595 ditia
321 561 425 594 cordis
438 561 479 593 ad
489 561 591 592 Deum
602 559 789 599 videndum,
801 561 833 590 et
846 567 910 600 pax
922 567 1009 590 men-

208 619 214 624 “
230 618 272 649 tis
285 617 326 649 ad
338 617 475 658 perfecte
489 615 675 648 fruendum.

135 791 218 813 Perioc-

123 823 154 844 tiu
163 822 203 844 tri—

110 854 168 882 plex.

271 670 418 703 Secundo
434 669 546 708 etiam,
563 669 589 700 si
613 668 699 699 modi
713 667 943 708 perfectionum
959 668 1009 698 at-

231 725 422 764 tendantur,
437 723 554 756 debent
566 732 635 754 esse
650 723 772 762 septem
792 720 922 752 habitus
940 721 1011 752 hea-

232 778 419 810 titudinum.
448 775 530 809 Nam
560 778 608 807 est
640 775 790 816 perfectio
822 774 1009 814 religionis,

231 831 429 874 praelationis
446 855 457 871 ,
485 833 516 862 et
542 830 677 861 internae
704 827 937 860 sanctitudinis
962 827 1011 859 Ad

232 887 459 928 perfectionem
486 887 594 916 autem
632 883 798 923 religionis
833 882 1011 913 necessario

231 940 408 981 requiritur
423 938 579 970 abdicatio
594 937 670 968 boni
686 936 823 977 privati,
839 935 1011 975 acceptatio

231 994 306 1026 boni
337 992 468 1024 fraterni
492 1015 502 1031 ,
531 994 563 1023 et
597 990 748 1031 appetitio
776 989 854 1021 boni
883 988 1008 1020 aeterni.

232 1047 376 1078 Primum
403 1047 438 1077 fit
461 1055 517 1086 per
541 1046 760 1085 paupertatem
785 1043 916 1083 spiritus
935 1053 942 1080 ;
961 1052 1011 1073 se-

231 1100 394 1139 cundum,
423 1109 478 1140 per
501 1099 669 1130 mititatem
695 1097 844 1134 affectus;
863 1097 1008 1133 tertium,

232 1165 289 1196 per
304 1154 552 1186 amaritudinem
574 1153 689 1184 luctus.
715 1151 763 1183 Ad
786 1151 1010 1192 perfectionem

231 1218 309 1241 vero
326 1208 526 1250 praelationis
547 1207 611 1239 duo
635 1205 814 1237 necessario
835 1204 1010 1244 requirun-

232 1266 304 1302 tur,
321 1263 439 1294 scilicet
457 1262 544 1293 zelus
561 1260 710 1300 justitiae,
727 1262 756 1290 et
771 1258 904 1289 affectus
921 1258 1011 1289 misc-

232 1316 377 1347 ricordiae
403 1327 409 1346 :
436 1313 666 1347 Misericordia
695 1313 782 1344 enim
809 1313 815 1329 ¹
840 1315 869 1344 cc
892 1313 1011 1344 veritas

232 1370 419 1402 custodiunt
433 1377 547 1410 regem.
567 1368 751 1400 Sec-undum
772 1367 841 1397 ha=c
863 1366 926 1396 duo
944 1365 1011 1396 dis-

233 1424 305 1464 poni
325 1424 417 1455 debet
434 1424 583 1463 regimen
607 1420 804 1461 prad-ationis
825 1419 857 1449 in
874 1418 1011 1450 Ecclesia

234 1478 400 1509 militante.
424 1477 473 1509 Ad
497 1476 721 1517 perfectionem
745 1476 853 1504 autem
876 1473 1010 1504 interna:

234 1531 457 1563 sanctitudinis
481 1530 658 1561 necessario
690 1528 866 1569 requiritur
889 1527 1012 1567 puritas

233 1585 451 1622 conscientiae,
469 1586 500 1614 et
522 1582 734 1623 tranquillitas
755 1581 852 1612 totius
874 1580 1009 1618 animae,

232 1640 312 1680 per²
325 1647 438 1679 pacem
461 1638 519 1670 Dei
541 1645 665 1669 omnem
683 1636 860 1668 Ιιαηιαηυηι
883 1643 1013 1666 sensum

234 1696 476 1733 exuperantem.

276 1746 401 1784 Tertio,
416 1746 442 1777 si
464 1744 668 1776 attendantur
689 1743 910 1783 dispositiones
924 1750 1009 1782 prae-

235 1799 395 1838 ambulae,
414 1801 534 1839 septem
562 1797 676 1828 debent
697 1806 765 1827 esse
790 1796 1011 1827 beatitudines.

235 1853 344 1884 Timor
359 1853 444 1884 enim
461 1852 534 1882 facit
546 1851 692 1882 recedere
706 1860 723 1881 a
741 1850 842 1887 malo,
860 1852 889 1880 et
905 1859 922 1879 a
938 1849 1012 1879 mali

235 1908 398 1939 occasione
410 1918 417 1938 ;
429 1909 461 1937 et
471 1906 547 1946 quia
561 1907 571 1922 ³
588 1905 689 1937 radia:
704 1906 857 1937 malorum
871 1904 1013 1936 onmium

235 1964 279 1993 est
293 1961 460 2000 cupiditas
469 1985 478 1998 ,
490 1960 560 1991 idco
575 1959 671 1989 timor
682 1958 820 1998 disponit
832 1959 870 1988 ad
885 1958 1015 1998 spiritus

236 2016 475 2055 paupertatem,
503 2014 535 2044 in
559 2023 622 2053 qua
652 2012 747 2043 simul
773 2011 926 2051 jungitur
949 2011 1013 2042 hu-

238 2068 357 2099 militas
387 2076 459 2098 cum
485 2068 671 2106 paupertate
687 2089 694 2102 ,
721 2068 757 2095 ut
779 2065 823 2094 sic
847 2065 1015 2103 elongetur

237 2122 288 2152 vir
302 2122 461 2161 perfectus
476 2129 495 2151 a
510 2120 595 2151 sonte
609 2119 714 2149 omnis
727 2117 829 2157 culpae
841 2141 849 2156 ,
866 2117 983 2147 scilicet
997 2126 1015 2147 a

237 2175 386 2215 superbia
400 2198 409 2213 ,
433 2177 465 2211 et
487 2173 669 2213 cupiditate.
693 2171 730 2202 Et
753 2171 828 2202 hinc
851 2173 914 2208 est,
931 2169 1014 2211 quod

238 2231 409 2269 paupertas
431 2227 564 2268 spiritus
588 2228 636 2257 cst
657 2226 901 2256 fundamentum
921 2224 1016 2255 totius

240 2281 441 2322 perfectionis
451 2280 659 2319 evangelicae.
673 2278 760 2309 Unde
774 2279 876 2318 primo
893 2280 1017 2318 oportet

239 2337 300 2367 hoc
330 2335 575 2366 fundamentum
605 2335 768 2370 sternere,
796 2332 849 2372 qui
880 2332 949 2363 vult
978 2331 1017 2362 ad

241 2390 368 2420 eulmen
392 2387 593 2428 perfectionis
621 2386 785 2426 pervenire
805 2409 813 2423 ,
840 2386 1016 2416 secundum

241 2443 318 2473 illud
330 2443 339 2458 Β
353 2453 359 2472 z
377 2443 418 2473 Si
433 2442 482 2473 ris·
496 2442 656 2480 perlectus
672 2447 747 2477 csse,
765 2438 860 2477 rade,
875 2442 902 2470 ec
919 2438 1018 2470 rende

241 2497 351 2529 omnia
367 2504 436 2535 qtae
453 2495 547 2526 habes
562 2506 572 2525 .·
588 2503 658 2525 ecce
677 2494 812 2533 perfecta
828 2496 1015 2532 [ianpertas‚

242 2559 316 2592 quae
340 2549 421 2580 nihil
443 2549 502 2578 sibi
526 2556 657 2588 prorsus
679 2546 811 2584 retinet;
831 2547 870 2578 Et
891 2554 1018 2587 sequere

276 2633 280 2645 ¹
299 2629 383 2659 Prov„
400 2634 444 2658 xx,
460 2629 541 2652 2S.—
556 2628 566 2644 ⁹
583 2627 687 2657 Philip..
707 2632 742 2657 iv,
759 2627 783 2651 Ἰ.
797 2639 826 2644 --
841 2627 852 2644 ³
868 2627 874 2650 Ι
894 2627 966 2658 Timr,
982 2634 1016 2659 Vl,

245 2669 281 2692 ¹0.
295 2666 343 2685 —⁴
357 2663 461 2695 Mutat„
475 2669 530 2694 xix,
543 2664 583 2687 21.
595 2675 625 2681 -
640 2664 647 2677 ⁵
663 2662 753 2693 Marc„
771 2667 827 2693 vul,
844 2663 882 2687 34.

1802 50 1815 66 ’Δ
1828 50 1842 70 s'
1847 56 1870 82 εξ.
1874 53 1879 57 ’

814 166 1070 206 BREVILOQUII
1091 166 1195 200 PARS
1215 168 1253 202 V.

1065 242 1215 269 mameae
1230 235 1414 276 humilitas,
1430 243 1507 277 quae
1519 235 1693 283 facitqupd
1708 237 1806 278 homo
1816 241 1839 276 ⁸,

1066 289 1253 330 abnegando
1267 291 1424 330 seipsum,
1441 288 1534 323 tollat
1549 295 1797 333 cruciamentum,
1813 294 1843 324 et

1065 346 1221 386 sequatur
1235 344 1415 383 Christum,
1430 343 1486 385 qui
1500 345 1549 376 est
1562 344 1661 376 totius
1681 333 1843 389 periectio·

1065 397 1118 428 nis
1130 397 1438 438 principalissimum
1455 397 1717 430 fundamentum.
1730 397 1842 441 Dispo-

1065 451 1114 483 nit
1135 461 1215 492 ergo
1244 452 1339 483 timor
1367 451 1407 483 ad
1432 451 1565 492 spiritus
1593 442 1840 492 paupertatem:

1066 505 1167 546 pietas
1181 507 1290 537 autem
1308 505 1349 537 ad
1365 505 1535 547 mititatem
1552 513 1561 536 :
1575 513 1652 536 nam
1666 505 1724 546 qui
1739 504 1790 546 pie
1802 504 1844 537 ad

1066 558 1205 600 aliquem
1225 559 1378 598 afficitur,
1400 568 1459 590 nec
1482 558 1573 590 illum
1596 558 1716 598 irritat,
1729 567 1790 590 nee
1803 558 1844 591 ab

1066 611 1122 643 illo
1141 612 1297 644 irritatur.
1323 612 1462 644 Scientia
1480 621 1557 644 vero
1573 612 1714 653 disponit
1724 611 1764 644 ad
1777 611 1845 644 luo-

1067 667 1154 703 tum,
1178 665 1332 706 quoniam
1357 675 1416 707 per
1435 666 1601 698 scientiam
1621 665 1846 705 cognoscimus

1068 728 1127 750 nos
1146 728 1166 750 a
1187 721 1272 751 statu
1300 719 1505 752 beatitudinis
1527 719 1688 760 relegatos
1708 719 1743 750 in
1762 719 1846 750 hanc

1068 773 1185 805 vallem
1210 774 1348 806 miseriae
1372 776 1404 806 et
1422 774 1652 816 lacrymarum.
1679 773 1846 806 Fortitudo

1067 829 1176 858 autem
1202 827 1341 868 disponit
1372 827 1412 859 ad
1434 827 1575 859 esuriem
1599 827 1734 868 justitiae
1755 836 1763 858 :
1789 827 1845 868 qui

1068 881 1154 912 enim
1168 881 1258 912 fortis
1272 883 1336 919 est,
1354 883 1420 912 tam
1434 880 1527 912 avide
1542 889 1576 911 se
1589 882 1678 912 tenet
1693 888 1768 911 eum
1779 880 1847 920 jus-

1069 934 1136 965 titia
1147 958 1156 972 ,
1172 937 1208 965 ut
1223 934 1313 966 malit
1327 944 1347 966 a
1361 934 1427 966 vita
1441 933 1598 975 corporali
1609 957 1619 973 ,
1636 941 1735 974 quam
1749 941 1769 964 a
1777 933 1847 973 jus-

1068 987 1135 1018 titia
1150 989 1301 1029 separari.
1328 988 1502 1020 Consilium
1531 997 1608 1020 vero
1635 987 1777 1028 disponit
1805 986 1847 1018 ad

1069 1042 1317 1074 misericordiam
1337 1052 1344 1074 :
1364 1043 1444 1074 nibil
1456 1043 1543 1074 enim
1559 1042 1641 1074 Deus
1656 1043 1762 1082 magis
1775 1051 1847 1074 con-

1067 1095 1144 1126 sulit
1158 1095 1192 1126 in
1214 1096 1398 1136 Scriptura,
1415 1106 1515 1138 quam
1537 1096 1639 1128 facere
1662 1095 1846 1127 misericor-

1067 1149 1169 1187 diam,
1186 1150 1272 1189 quod
1287 1159 1384 1191 super
1405 1151 1517 1182 omnia
1535 1152 1660 1191 reputat
1674 1149 1844 1181 holocaus-

1068 1205 1110 1233 ta.
1146 1202 1326 1235 intellectus
1356 1207 1465 1235 autem
1500 1203 1640 1244 disponit
1671 1203 1711 1234 ad
1743 1202 1846 1234 cordis

1069 1257 1260 1287 munditiam
1279 1268 1285 1288 :
1303 1266 1379 1289 nam
1401 1257 1574 1298 speculatio
1587 1257 1733 1289 veritatis
1748 1265 1844 1287 muu-

1068 1310 1121 1341 dat
1135 1320 1189 1342 cor
1202 1314 1348 1343 nostrum
1361 1312 1565 1343 acl-omnibus
1587 1311 1761 1352 plantasiis.
1780 1309 1840 1341 Sa-

1069 1365 1187 1405 pientia
1212 1374 1290 1396 vcro
1311 1365 1450 1406 disponit
1473 1365 1512 1396 ad
1536 1373 1670 1405 pacem:
1692 1373 1768 1395 nam
1792 1372 1842 1395 sau

1069 1419 1188 1459 pientia
1199 1419 1310 1459 jungit
1323 1429 1382 1450 nos
1396 1428 1524 1450 summo
1538 1427 1614 1450 vero
1633 1421 1664 1450 et
1688 1419 1772 1449 hono
1783 1441 1793 1457 ,
1811 1417 1843 1448 in

1067 1480 1132 1512 quo
1146 1474 1194 1503 est
1210 1473 1282 1503 sinis
1297 1472 1551 1513 ct‚traiiquillitas
1566 1472 1664 1503 totius
1678 1471 1779 1503 nostri
1794 1480 1842 1503 ra-

1068 1526 1192 1557 tionalis
1206 1526 1374 1566 appetitus.

1109 1579 1176 1616 Qua
1191 1588 1267 1620 pace
1286 1581 1414 1619 adepta,
1430 1579 1608 1611 necessario
1628 1579 1774 1619 sequitur
1788 1587 1842 1609 su-

1069 1633 1292 1673 perabundans
1315 1633 1479 1664 delectatio
1499 1632 1688 1673 spiritualiS,
1713 1641 1786 1673 quae
1810 1632 1844 1663 in

1068 1686 1264 1718 duodenario
1292 1688 1454 1719 fructuum
1487 1686 1623 1727 Spiritus
1650 1686 1842 1725 continetur,

1068 1741 1107 1772 ad
1128 1741 1351 1772 insinuandam
1367 1740 1693 1782 superabundantiam
1707 1739 1845 1771 delecta-

1069 1795 1206 1826 tionum.
1241 1794 1295 1826 Est
1326 1795 1412 1826 enim
1445 1794 1660 1826 duodenarius
1691 1801 1847 1825 numerus

1069 1849 1246 1886 abundans,
1271 1849 1303 1879 in
1334 1857 1398 1889 quo
1422 1848 1604 1879 insinuatur
1632 1847 1846 1887 spiritualium

1070 1902 1298 1934 charismatum
1314 1902 1534 1941 exuberantia,
1551 1902 1670 1942 quibus
1685 1900 1803 1933 fruitur
1817 1902 1848 1932 et

1070 1955 1244 1987 delectatur
1262 1957 1369 1987 anima
1388 1958 1495 1987 sancta
1511 1966 1517 1987 ε
1542 1958 1573 1986 et
1594 1958 1668 1986 tunc
1687 1957 1734 1986 est
1750 1955 1846 1986 homo

1070 2010 1109 2040 ad
1123 2009 1425 2050 contemplationem
1440 2009 1584 2048 idoneus,
1601 2011 1633 2040 et
1647 2009 1685 2040 ad
1701 2011 1846 2049 aspectus

1070 2066 1101 2094 ct
1121 2063 1290 2104 amplexus
1310 2063 1417 2103 sponsi
1439 2065 1471 2093 ct
1491 2071 1633 2103 sponsae,
1657 2064 1688 2094 et
1706 2063 1763 2104 qui
1778 2062 1848 2094 fieri

1071 2117 1190 2148 hahent
1203 2116 1380 2148 secundnm
1397 2126 1507 2148 sensus
1522 2117 1714 2157 spirituales,
1729 2116 1849 2157 quibus

1071 2170 1197 2202 videtur
1217 2169 1331 2202 Christi
1352 2170 1458 2210 sponsi
1480 2179 1607 2201 summa
1625 2170 1845 2211 pulchritudo,

1071 2225 1131 2255 sub
1145 2224 1268 2255 ratione
1283 2223 1474 2264 splendoris;
1493 2223 1622 2254 auditur
1636 2232 1763 2255 summa
1779 2223 1849 2255 har-

1072 2279 1197 2317 monia,
1216 2278 1274 2309 suh
1288 2277 1411 2309 ratione
1431 2277 1537 2315 verbi;
1555 2279 1707 2316 gustatur
1720 2285 1849 2308 summa

1072 2332 1220 2370 dulcedo,
1239 2332 1300 2363 sub
1317 2332 1439 2362 ratione
1455 2330 1617 2371 sapientia]
1637 2329 1848 2370 comprehen-

1072 2386 1175 2417 dentis
1193 2388 1385 2425 utrumque,
1406 2384 1543 2414 verbum
1564 2384 1681 2414 scilicet
1699 2386 1728 2414 ct
1743 2383 1849 2423 splen·

1072 2440 1201 2477 dorem3
1231 2438 1384 2469 odoratur
1413 2447 1541 2469 summa
1567 2437 1759 2477 fragrantia,
1790 2437 1849 2468 sub

1074 2494 1194 2523 ratione
1212 2492 1300 2523 verbi
1316 2492 1462 2532 inspirati
1473 2491 1511 2531 ⁴in
1527 2491 1638 2529 corde3
1658 2491 1850 2530 astringitur

1073 2556 1200 2578 summa
1219 2546 1377 2583 suavitas,
1398 2545 1458 2576 sub
1480 2545 1603 2576 ratione
1628 2544 1723 2575 Verbi
1744 2545 1846 2576 incar-

1074 2601 1139 2632 nati
1154 2601 1235 2632 inter
1249 2608 1306 2631 nos
1322 2599 1492 2630 habitantis
1507 2598 1723 2638 corporaliter,
1738 2600 1769 2630 et
1780 2598 1848 2630 red-

1073 2654 1176 2685 dentis
1196 2663 1228 2684 se
1252 2653 1342 2684 nobis
1366 2651 1539 2692 palpabile,
1565 2651 1753 2691 osculabile‚
1778 2660 1846 2683 am-

1881 1798 1968 1819 Duode-

1861 1829 1904 1850 cim
1914 1829 1969 1850 truo-

1862 1862 1898 1881 tuo
1906 1860 1969 1887 spiri-

1861 1891 1940 1912 tuales.
