2003 3037
202 199 261 230 324

201 265 447 306 qualiacumque
456 265 488 295 et
497 265 756 304 quantacumque
769 263 843 302 sint,
856 265 889 295 et
899 273 978 304 quo-

200 318 400 358 tiescumque
425 317 544 349 fuerint
572 318 753 358 perpetrata
774 327 782 348 :
807 317 885 347 hinc
911 318 975 356 est,

200 371 286 411 quod
314 372 481 412 peccantes
507 371 667 411 suscipere
701 371 740 403 ad
774 371 902 404 veniam
930 372 979 402 est

199 423 300 464 ipsius
320 423 481 455 Pontificis
502 424 760 463 clementissimi,
782 434 849 456 non
873 424 979 455 solum

199 477 309 516 semel,
323 487 382 509 nec
396 477 456 516 bis,
473 478 529 510 sed
545 478 809 519 quotiescumque
826 477 976 518 supplici-

200 532 248 561 ter
269 531 513 572 imploraverint
530 531 731 564 clementiam
756 532 822 564 Dei.
846 531 885 563 Et
904 531 979 573 quia

199 583 309 617 divina
322 584 489 617 clementia
503 587 582 616 tunc
596 594 671 618 vere
683 587 715 617 et
728 584 912 626 suppliciter
921 585 981 615 im-

198 638 359 679 ploratur,
377 639 506 680 quando
529 639 702 671 intervenit
725 638 922 679 poenitentiae
935 638 978 669 la-

199 695 362 731 mentum;
385 695 417 724 et
430 693 470 725 ad
484 692 546 724 hoc
558 695 662 733 potest
675 692 773 724 homo
788 701 822 723 se
843 701 978 723 conver-

198 748 280 785 tere,
309 746 454 788 quandiu
474 748 522 778 est
540 746 572 777 in
595 748 679 777 statu
696 746 863 786 praesentis
884 746 976 784 vitae,

199 800 278 841 quia
291 800 508 833 convertibilis
516 799 608 831 estin
619 799 741 830 bonum
751 799 825 830 etin
838 799 976 830 malum:

198 853 274 885 hinc
288 856 348 893 est,
363 853 448 894 quod
464 855 774 894 quantumcumque,
788 854 820 884 et
833 853 975 893 quando-

199 917 358 948 cumque,
375 909 407 939 et
425 907 692 948 quotiescumque
707 909 852 947 peccator
866 916 975 947 pecca-

199 962 295 1001 verit,
320 961 360 993 ad
387 962 623 992 sacramentum
655 959 851 1001 poenitentiae
876 962 978 1000 potest

198 1015 318 1047 habere
332 1015 510 1056 retugium,
525 1024 581 1056 per
591 1014 676 1056 quod
691 1014 750 1045 sibi
766 1014 821 1046 fiat
832 1014 977 1046 remissio

199 1072 410 1109 peccatorum.

239 1123 380 1162 Rursus,
407 1123 482 1163 quia
506 1122 539 1152 in
563 1121 728 1152 curatione
756 1123 863 1152 nostra
885 1121 978 1152 debet

198 1185 352 1218 apparere
365 1178 397 1207 et
407 1175 601 1207 manifestari
618 1175 719 1215 ipsius
731 1174 847 1206 Christi
865 1174 977 1206 medici

198 1230 381 1271 peritissimi
407 1237 536 1261 summa
549 1228 736 1269 prudentia;
761 1230 793 1258 et
808 1227 977 1267 prudentia

198 1284 309 1316 medici
327 1286 373 1315 est
396 1283 429 1314 in
443 1282 623 1314 adhibendo
637 1281 778 1312 remedia
798 1282 975 1320 contraria,

197 1347 254 1379 per
268 1347 343 1379 quae
357 1346 423 1368 non
439 1338 565 1367 tantum
587 1325 719 1366 morbus
734 1335 908 1374 auferatur,
925 1345 977 1367 ve-

197 1400 271 1422 rum
285 1392 382 1423 etiam
397 1389 629 1431 praescindatur
644 1398 753 1427 causa;
771 1391 802 1420 et
816 1398 889 1420 cum
907 1399 977 1429 pec-

197 1447 285 1477 cetur
300 1446 334 1476 in
348 1445 448 1476 Deum
459 1444 677 1482 delectatione,
688 1452 855 1482 consensu,
871 1445 977 1484 etper-

197 1499 384 1540 petratione,
401 1498 519 1529 scilicet
534 1498 567 1528 in
588 1497 699 1536 corde,
721 1506 791 1535 ore,
807 1499 837 1527 et
850 1505 945 1537 opere
967 1508 973 1527 :

780 194 1032 234 BREVILOQUII
1054 195 1158 229 PARS
1180 196 1232 230 vl.

1031 263 1198 304 futurum,
1214 274 1271 306 per
1292 265 1492 306 propositum
1506 274 1675 307 nunquam
1693 269 1812 301 recidi-

1033 318 1142 357 vandi,
1157 319 1209 350 vel
1223 318 1258 350 in
1275 319 1377 358 idem,
1395 318 1446 351 vel
1465 319 1499 351 in
1513 319 1600 352 aliud
1615 329 1719 361 genus
1735 331 1810 362 pec-

1033 372 1117 403 cati:
1134 374 1171 404 ut
1189 373 1234 404 sic
1249 372 1386 404 totaliter
1409 372 1584 405 recedendo
1607 383 1627 405 a
1649 374 1742 415 culpa
1755 384 1813 416 per

1033 425 1257 466 poenitentiam
1267 450 1275 464 ,
1291 426 1400 458 divina
1416 426 1522 466 gratia
1535 427 1738 468 suscipiatur,
1754 437 1812 469 per

1033 488 1131 520 quam
1139 479 1321 512 obtineatur
1329 480 1426 512 venia
1435 480 1583 512 omnium
1597 483 1810 522 peccatorum.

1074 532 1254 571 Postremo,
1279 534 1432 574 quoniam
1460 534 1491 564 in
1517 535 1681 566 curatione
1703 537 1813 567 nostra

1035 587 1231 618 manifestari
1247 587 1340 619 debet
1354 587 1456 628 ipsius
1471 587 1586 620 Christi
1597 588 1716 628 Judicis
1727 590 1813 621 recta

1029 640 1172 680 ,iustitia;
1187 642 1218 672 et
1233 640 1335 681 ipsius
1349 641 1382 671 in
1392 641 1522 681 propria
1536 650 1672 681 persona
1685 651 1751 673 non
1765 643 1814 674 est

1029 693 1176 733 judicare
1197 695 1271 724 ante
1283 693 1443 734 judicium
1462 694 1615 726 ultimum
1637 697 1668 726 et
1691 695 1810 728 finale:

1032 746 1104 778 ideo
1119 746 1156 777 ad
1180 746 1384 787 particularia
1393 747 1526 787 judicia,
1544 750 1617 779 ante
1632 748 1742 787 finem,
1755 750 1811 789 ju-

1033 799 1118 831 dices
1133 800 1243 831 debuit
1258 800 1460 832 constituere.
1478 800 1515 832 Et
1529 801 1604 841 quia
1622 801 1747 841 judices
1760 802 1813 833 isti

1033 853 1116 885 inter
1131 853 1230 885 Deum
1245 853 1418 892 offensum,
1432 856 1463 885 et
1476 854 1642 886 hominem
1651 856 1812 888 offenden-

1033 909 1109 945 tem,
1123 909 1198 938 sunt
1210 908 1301 948 quasi
1314 907 1505 946 intermedii,
1524 909 1562 939 ut
1573 908 1713 949 proximi
1726 909 1813 941 Chri-

1032 963 1080 992 sto
1090 985 1098 999 ,
1131 961 1291 1001 praepositi
1315 961 1452 1002 populo;
1478 961 1612 992 Domino
1635 964 1742 993 autem
1767 962 1813 994 illi

1032 1015 1195 1056 praecipue
1211 1018 1287 1046 sunt
1301 1015 1440 1055 proximi
1454 1017 1486 1046 et
1503 1015 1674 1047 familiares
1690 1016 1813 1047 ratione

1032 1069 1138 1106 officii,
1151 1069 1204 1109 qui
1216 1071 1290 1099 sunt
1301 1069 1370 1108 ejus
1381 1068 1542 1108 praecipue
1551 1069 1726 1100 ministerio
1741 1078 1813 1100 con-

1032 1122 1142 1152 secrati
1152 1146 1159 1160 ,
1176 1122 1295 1152 scilicet
1311 1121 1488 1153 sacerdotes
1505 1131 1512 1152 :
1528 1121 1599 1153 ideo
1613 1122 1763 1153 omnibus
1777 1122 1810 1153 in

1031 1174 1215 1206 sacerdotali
1230 1174 1343 1206 ordine
1357 1174 1548 1213 constitutis,
1565 1177 1597 1206 et
1611 1175 1697 1214 solis,
1715 1175 1811 1207 datur

1032 1230 1169 1268 potestas
1183 1228 1316 1268 duplicis
1331 1227 1429 1259 clavis
1445 1238 1452 1258 :
1470 1228 1587 1259 scilicet
1600 1228 1698 1260 clavis
1712 1229 1811 1260 scien-

1033 1282 1096 1319 tiae,
1115 1282 1153 1313 ad
1168 1281 1432 1319 discernendum;
1454 1282 1485 1312 et
1499 1281 1597 1313 clavis
1612 1291 1685 1322 quae
1698 1285 1745 1313 est
1755 1291 1811 1323 po-

1032 1337 1128 1366 testas
1142 1334 1263 1374 ligandi
1279 1337 1310 1365 et
1324 1334 1480 1371 solvendi,
1499 1334 1537 1365 ad
1554 1334 1810 1375 dijudicandum,

1032 1391 1063 1419 et
1076 1389 1285 1419 absolutionis
1300 1388 1492 1419 heneficium
1507 1388 1768 1428 impendendum.

1073 1442 1153 1479 Quia
1183 1451 1258 1473 vero
1268 1466 1277 1479 ‚
1305 1444 1432 1482 propter
1460 1442 1680 1472 confusionem
1706 1442 1809 1473 vitan-

1861 1455 1934 1475 Potes-

1032 1495 1121 1534 dam,
1144 1504 1209 1526 non
1233 1495 1367 1535 quilibet
1386 1495 1516 1526 cuilibet
1540 1497 1586 1526 est
1610 1495 1759 1536 praelatus
1778 1497 1811 1526 in
1826 1485 1934 1537 ἑζᾞὲζοῖζ

1033 1548 1171 1579 Ecclesia
1198 1548 1373 1586 militante,
1401 1558 1476 1579 cum
1511 1549 1578 1589 ipsa
1605 1549 1814 1580 ecclesiastica
1827 1547 1934 1604 &333²

1035 1601 1216 1632 hierarchia
1228 1601 1340 1632 debeat
1356 1611 1423 1632 esse
1436 1601 1613 1633 secundum
1628 1604 1813 1642 potestatem
1828 1615 1872 1636 quo
1883 1616 1932 1630 mo-

1028 1655 1232 1695 judiciariam
1255 1655 1416 1691 ordinata;
1441 1655 1510 1686 ideo
1532 1655 1602 1686 haec
1624 1658 1761 1696 potestas
1774 1655 1812 1686 li·
1828 1641 1933 1693 {¹53⁰}ssssss

1034 1709 1132 1748 gandi
1156 1711 1185 1738 ct
1205 1708 1347 1739 solvendi
1369 1717 1517 1739 concessa
1537 1711 1599 1747 est,
1620 1709 1739 1749 primo,
1757 1709 1814 1740 uni
1829 1703 1933 1756 ἱζᾚὲξζ

1033 1763 1136 1802 primo
1152 1763 1182 1792 et
1205 1770 1333 1792 summo
1356 1761 1525 1799 sacerdoti,
1552 1762 1603 1793 cui
1619 1762 1730 1793 collata
1748 1765 1812 1801 est,
1829 1766 1869 1787 si⁸-

197 1553 272 1584 binc
286 1555 344 1590 est,
357 1551 442 1592 quod
456 1550 722 1591 prudentissimus
734 1549 875 1580 medicus
885 1550 974 1581 insti-

198 1607 269 1645 tuit,
281 1610 317 1638 ut
331 1608 442 1637 contra
456 1604 728 1636 deordinationem
743 1603 916 1644 peccatoris
932 1613 977 1635 se—

197 1661 337 1692 cundum
349 1660 503 1701 triplicem
512 1659 590 1697 vim,
602 1658 718 1689 scilicet
727 1658 906 1688 affectivam
922 1658 974 1697 (a),

196 1715 470 1755 interpretativam
481 1738 488 1751 ,
505 1715 535 1744 et
549 1712 762 1753 operativum,
779 1721 852 1751 quae
871 1712 906 1742 fit
921 1721 976 1751 per

196 1767 413 1799 delectationis
429 1765 693 1806 complacentiam
710 1765 876 1803 occultam,
894 1767 975 1796 esset

198 1821 382 1853 reformatio
408 1819 591 1861 poenitentis
615 1818 792 1849 secundum
820 1819 976 1858 triplicem

199 1875 263 1906 vim
295 1874 479 1915 praedictam
492 1896 501 1911 ,
530 1882 587 1913 per
613 1872 755 1903 dolorem
780 1873 976 1912 poenitentife

197 1931 386 1969 conceptum
414 1928 448 1958 in
476 1926 569 1958 corde
593 1935 648 1966 per
678 1927 973 1966 coinpunctionein3

197 1992 385 2023 expressum
404 1981 440 2020 (b)
459 1981 493 2011 in
510 1990 565 2011 ore
578 1980 889 2019 perconfessionem3
905 1989 977 2010 con-

197 2037 395 2067 summatum
413 2035 446 2074 (c)
472 2035 505 2064 in
528 2042 623 2073 opere
646 2042 702 2072 per
717 2033 974 2064 satisfactionem.

199 2089 236 2120 Et
249 2090 324 2130 quia
338 2088 446 2119 omnia
464 2089 590 2128 peccata
610 2085 757 2116 mortalia
772 2086 811 2116 ab
827 2095 891 2117 uno
912 2086 975 2117 Deo

197 2144 358 2180 avertunt,
371 2144 402 2172 et
413 2141 468 2172 uni
481 2140 594 2179 gratim
607 2141 825 2179 opponuntur,
837 2143 867 2170 ct
877 2149 975 2170 unam

198 2195 404 2236 principalem
431 2194 572 2225 hominis
595 2193 819 2224 rectitudinem
841 2202 974 2234 perver-

199 2251 287 2287 tnnt;
302 2248 377 2279 hinc
392 2249 437 2278 est
453 2248 538 2287 qnod
552 2247 589 2277 ad
606 2247 665 2277 lioc
681 2246 765 2286 qnod
780 2246 974 2286 poenitentiae

198 2303 465 2333 medicamentum
477 2301 517 2330 sit
533 2300 727 2331 sufficienter
742 2310 782 2330 ex
798 2300 865 2331 suis
882 2300 974 2339 parti-

198 2356 256 2385 bus
273 2356 492 2394 integratum,
514 2364 640 2385 neccsse
656 2356 702 2384 est
718 2354 803 2393 quod
819 2355 974 2394 preniten-

197 2409 238 2439 tia
256 2409 412 2439 habeatur
428 2408 465 2438 de
482 2407 632 2438 omnibns
648 2408 783 2447 pcccatis
799 2418 805 2436 :
824 2410 854 2438 et
868 2417 970 2447 quan*

196 2464 266 2492 tum
291 2462 329 2492 ad
351 2461 568 2501 praeleritum,
595 2469 651 2500 per
674 2460 906 2500 displicentiam
934 2461 972 2492 de

197 2515 399 2555 perpetratis3
430 2516 461 2545 et
491 2515 649 2554 quantum
676 2513 714 2544 ad
741 2523 889 2553 praesenS,
919 2524 972 2553 per

195 2569 399 2600 cessationem
417 2568 454 2598 de
471 2567 701 2607 pcrpetrandis3
714 2569 743 2598 et
760 2571 916 2607 quantum
932 2569 971 2599 ad

227 2650 259 2679 (a)
275 2650 312 2673 ua
328 2648 396 2673 Edit.
414 2648 487 2678 Luy.:
503 2647 572 2671 Edit.
589 2648 643 2671 l'en.
657 2648 841 2672 etl‘cctivam.—-
857 2649 889 2679 (0)
910 2648 969 2673 Caet.

193 2686 256 2709 edil.
271 2692 427 2716 expressum.
444 2697 473 2701 -
488 2684 518 2714 (v)
539 2684 598 2707 Cat
614 2684 674 2708 sdic.
691 2687 906 2709 consummatam.

1032 1818 1185 1856 tanquam
1207 1824 1336 1846 summo
1355 1815 1464 1855 capiti,
1490 1817 1626 1855 potestas
1646 1817 1812 1848 nniversa-

1032 1870 1085 1908 lis3
1103 1872 1133 1900 et
1148 1869 1276 1906 deinde,
1295 1868 1470 1899 secundnm
1491 1869 1696 1908 particulares
1712 1870 1814 1901 eccle-

1033 1923 1110 1960 sias,
1127 1923 1281 1954 dividitur
1299 1923 1332 1952 in
1348 1924 1469 1962 partes,
1487 1922 1529 1953 ita
1553 1923 1637 1962 qnod
1654 1923 1756 1963 primo
1778 1924 1812 1954 in

1033 1976 1213 2016 episcopos,
1231 1975 1342 2006 deinde
1359 1975 1391 2005 in
1407 1976 1610 2015 presbyteros
1622 1976 1781 2007 descendit
1795 1986 1814 2007 a

1033 2029 1133 2069 capite
1155 2038 1230 2059 uno.
1246 2028 1318 2059 ldeo
1337 2027 1407 2058 licet
1426 2029 1649 2068 unusquisque
1667 2029 1814 2060 sacerdos

1032 2082 1147 2113 habeat
1158 2083 1302 2113 ordinem
1313 2084 1342 2113 et
1352 2082 1472 2113 clavem
1483 2093 1489 2120 ;
1500 2082 1538 2113 ad
1552 2092 1605 2114 eos
1614 2086 1721 2115 tamen
1734 2093 1813 2116 usus

1032 2136 1129 2166 clavis
1142 2138 1266 2167 tantum
1282 2146 1315 2167 se
1331 2136 1483 2174 extendit,
1502 2136 1557 2176 qni
1575 2137 1631 2167 sibi
1651 2137 1812 2169 ordinarie

1032 2195 1107 2223 sunt
1121 2192 1270 2232 subjecti,
1288 2193 1349 2222 nisi
1365 2192 1423 2223 sibi
1440 2192 1479 2223 ab
1496 2202 1549 2231 eo,
1572 2194 1626 2233 qui
1647 2194 1810 2235 habetJ'u-

1031 2246 1246 2276 risdictioncm
1262 2245 1469 2282 ordinariam,
1485 2246 1713 2278 committatur.
1730 2247 1809 2278 Cum

1032 2308 1108 2330 vero
1120 2299 1173 2329 illa
1188 2299 1364 2339 iurisdictio
1377 2299 1417 2329 sit
1431 2299 1646 2339 principaliter
1661 2301 1693 2331 in
1708 2301 1809 2341 capite

1031 2362 1175 2391 summo,
1192 2355 1223 2383 et
1236 2352 1348 2383 deinde
1368 2353 1400 2383 in
1419 2353 1580 2393 episcopo,
1598 2356 1628 2383 et
1648 2356 1809 2394 postremo

1031 2410 1063 2440 in
1083 2408 1243 2440 sacerdote
1262 2410 1389 2445 curate,
1414 2410 1515 2447 potest
1536 2408 1665 2447 quidem
1688 2418 1707 2439 a
1726 2419 1807 2449 quo-

1030 2462 1108 2493 libet
1121 2471 1232 2492 eornm
1247 2461 1401 2491 committi
1415 2460 1516 2497 alteri,
1534 2461 1728 2492 sufficienter
1740 2463 1810 2502 qui-

1030 2517 1102 2547 dem
1119 2517 1157 2546 ab
1174 2516 1300 2553 infimo,
1326 2515 1432 2553 magis
1447 2523 1465 2544 a
1480 2513 1601 2552 medio,
1620 2517 1651 2545 et
1670 2516 1809 2547 maxime

1029 2580 1048 2600 a
1063 2579 1223 2610 supremo.
1243 2569 1281 2600 Et
1300 2568 1374 2608 quia
1393 2568 1426 2597 in
1446 2566 1597 2598 Pontifice
1617 2578 1761 2607 summo,
1778 2571 1809 2600 et

1029 2624 1125 2654 etiam
1147 2623 1180 2654 in
1197 2622 1351 2663 episcopis
1365 2623 1412 2651 est
1425 2620 1612 2660 huJusmodi
1629 2623 1808 2662 ⁸iurisdictio

1030 2686 1093 2707 non
1113 2679 1237 2707 tantum
1263 2674 1301 2705 ad
1320 2674 1531 2713 judicandum
1552 2675 1634 2706 inter
1658 2675 1757 2706 Deum
1777 2678 1807 2706 et
