2003 3037
81 842 160 863 Latris.

94 1487 166 1508 nulia.

90 2188 171 2208 Pietas.

750 171 867 204 PART.
892 172 946 205 111.
969 170 1077 204 SECT.
1100 169 1203 204 XLIV.

172 240 262 280 tiam,
281 239 493 278 concordiam,
506 238 769 271 misericordiam.
787 240 850 271 Alii
866 240 948 272 divi-

174 294 255 326 dunt
277 293 312 325 in
340 292 553 324 innocentiam
566 315 574 331 ‚
600 292 775 324 amicitiam
786 318 793 332 ‚
819 302 949 325 concor-

174 349 271 387 diam,
288 348 448 389 pietatem,
462 346 666 387 religionem,
683 347 834 379 affectum
849 350 878 379 et
894 348 952 380 hu-

175 402 369 434 manitatem.
405 399 588 432 Secundum
614 399 757 432 Tullium
787 401 821 432 in
845 403 952 442 prima

176 455 355 488 Rhetorica¹
370 465 376 486 :
393 454 631 495 «Adjustitiam
649 455 810 495 pertinent
824 455 950 495 religio,

175 509 286 549 pietas,
304 508 420 549 gratia,
431 507 613 547 vindicatio,
630 508 844 549 observantia,
857 512 887 541 et
901 520 954 541 ve-

175 562 254 593 ritas
271 573 278 593 :
295 573 309 591 »
334 561 414 593 addo
429 570 487 602 pro
508 570 595 592 nunc
617 561 815 602 disciplinam
832 564 864 593 et
878 562 952 593 obe-

176 616 339 649 dientiam.

217 669 341 709 Religio
362 670 409 700 est
432 668 532 700 virtus
554 678 627 709 quae
649 669 821 709 superioris
843 670 954 710 cujus-

175 723 248 755 dam
263 725 405 761 naturae,
422 732 520 764 quam
535 723 681 755 divinam
696 725 826 762 vocant,
843 732 955 754 curam

175 777 465 818 caeremoniamque
489 777 592 808 affert.
619 777 694 808 Haec
717 777 825 808 Graece
841 777 956 808 dicitur

176 830 280 870 latria,
295 840 369 871 quae
380 831 424 861 sic
440 831 629 862 describitur
646 842 652 861 :
671 831 776 862 Latria
790 833 837 862 est
851 832 956 862 cultus

178 884 239 916 Deo
254 885 380 916 debitus
391 886 422 916 et
434 884 607 916 exhibitus.
624 884 681 916 Vel
699 896 706 916 ε
724 884 828 916 Latria
843 887 890 916 est
904 894 957 916 vo-

178 938 283 969 luntas
298 939 500 979 impendendi
514 938 577 969 Deo
590 938 711 970 cultum
722 939 875 971 debitum.
895 939 955 970 lm-

180 993 327 1032 penditur
337 994 445 1024 autem
460 993 564 1024 cuitus
575 993 699 1024 debitus
714 993 778 1024 Deo
793 994 886 1024 corde
902 1003 958 1033 per

180 1047 294 1085 tidem,
313 1056 402 1087 spem
423 1049 454 1077 et
476 1046 678 1085 charitatem3
704 1056 758 1078 ore
773 1056 830 1087 per
844 1047 958 1078 adora-

179 1100 310 1139 tionem,
322 1100 550 1139 laudationem,
566 1100 831 1139 benedictionem,
845 1103 876 1132 et
887 1110 960 1140 gra-

180 1154 296 1185 tiarum
326 1154 503 1192 actionem;
534 1163 629 1194 opere
658 1164 715 1194 per
742 1154 935 1185 oblationem
947 1178 957 1193 ,

180 1207 450 1238 thurificationem
480 1209 511 1238 et
540 1208 822 1247 geniculationem.
854 1208 960 1248 Hujus

180 1261 324 1301 primum
339 1261 482 1292 officium
499 1262 547 1291 est
563 1263 734 1301 perpetrati
749 1262 875 1293 sceleris
891 1271 958 1302 poe-

181 1315 297 1353 nitere;
315 1314 492 1346 secundum
514 1317 561 1346 est
574 1316 799 1356 temporalium
819 1317 961 1347 mutabi-

181 1369 303 1399 litatem
327 1368 419 1409 parvi
440 1368 596 1408 pendere;
613 1369 760 1408 tertium,
785 1370 884 1402 vitam
899 1379 960 1401 no-

181 1426 279 1454 stram
307 1432 346 1454 ex
374 1424 440 1454 toto
461 1423 525 1454 Deo
549 1423 763 1462 committere3
789 1426 959 1463 quartum,

182 1477 349 1509 veritatem
372 1487 510 1509 servare.
529 1477 609 1508 Nota
623 1480 751 1511 tamen.
775 1479 861 1518 quod
875 1479 962 1509 dulia

183 1531 355 1571 aliquando
370 1531 453 1563 idem
470 1534 532 1570 est,
554 1532 638 1571 quod
661 1532 774 1570 latria3
798 1533 904 1563 stricte
920 1535 963 1563 ta-

184 1593 257 1615 men
273 1587 304 1615 et
319 1586 446 1626 proprie
461 1585 614 1625 accipitur
629 1594 686 1625 pro
701 1586 880 1616 reverentia
893 1595 961 1616 san-

185 1639 259 1677 ctis,
285 1639 353 1670 sive
381 1639 525 1679 personis
553 1639 747 1670 sublimibus
768 1640 960 1670 exhibenda.

186 1692 262 1730 Quae
277 1686 321 1723 sic
336 1693 526 1724 describitur
541 1704 547 1723 :
565 1693 657 1724 Dulia
671 1695 717 1724 est
732 1694 869 1724 servitus
880 1717 889 1731 ,
911 1693 963 1724 vel

185 1746 288 1777 cultus
302 1749 456 1777 creaturae
477 1747 601 1777 debitus
618 1749 648 1777 et
667 1747 839 1778 exhibitus.
857 1747 895 1778 Et
910 1747 962 1778 vi-

186 1800 278 1831 detur
300 1801 385 1831 idem
409 1810 477 1831 esse
503 1810 576 1831 cum
603 1801 784 1832 reverentia
806 1802 908 1839 posita
930 1803 963 1832 in

185 1855 290 1895 prima
299 1855 454 1886 divisione
461 1856 606 1894 justitiae,
617 1865 689 1895 quae
698 1856 742 1886 sic
752 1856 940 1887 describitur
953 1868 958 1887 :

186 1908 376 1940 Reverentia
390 1911 438 1939 est
452 1909 554 1939 virtus
570 1909 713 1948 personis
730 1910 895 1948 gravibus,
913 1910 963 1941 vel

185 1963 295 2004 aliqua
314 1963 501 2003 praelatione
516 1962 715 2001 sublimatis,
732 1963 846 1993 debitae
862 1963 962 1993 hono-

185 2016 370 2048 rificationis
385 2016 507 2047 cultum
523 2016 689 2047 exhibens.
706 2016 769 2047 Deo
786 2018 893 2047 autem
908 2016 962 2047 de-

185 2070 279 2100 betur
303 2069 414 2105 latria.
437 2070 553 2100 sanctis
576 2069 683 2107 dulia,
709 2069 811 2100 beatae
836 2068 964 2108 Virgini

186 2122 296 2154 Mariae
311 2123 509 2162 hyperdulia.

229 2176 331 2207 Pietas
346 2179 392 2207 est
406 2177 510 2207 virtus
530 2186 586 2216 per
601 2186 698 2216 quam
713 2177 873 2215 sanguine
888 2187 962 2208 con-

185 2231 305 2270 junctis
319 2230 495 2270 patriaeque
509 2230 672 2261 benevolis
693 2230 833 2260 officium
848 2232 879 2260 et
893 2231 965 2261 dili-

188 2293 268 2323 gens
277 2284 429 2314 tribuitur
443 2283 560 2314 cultus,
573 2283 681 2314 Gratia
689 2286 736 2314 est
746 2284 887 2314 virtusin
901 2294 964 2324 qua

188 2338 401 2368 amicitiarum
425 2340 457 2368 et
482 2338 711 2369 beneficiorum
742 2338 872 2368 alterius
894 2348 964 2369 me·

188 2392 307 2430 moria,
323 2394 354 2422 et
366 2392 592 2422 remunerandi
607 2392 756 2423 voluntas
771 2392 962 2423 continetur.

187 2444 364 2476 vindicatio
379 2447 426 2476 est
440 2445 542 2476 virtus
556 2454 613 2485 per
627 2454 723 2485 quam
740 2446 788 2476 vis
811 2448 866 2476 aut
883 2446 965 2485 inju-

189 2498 246 2536 ria,
263 2500 294 2528 et
314 2499 445 2529 omnino
466 2508 562 2530 omne
585 2499 670 2539 quod
695 2499 882 2529 obfuturum
900 2501 963 2537 est,

190 2551 383 2583 defendendo
397 2554 453 2583 aut
474 2552 654 2584 ulciscendo
674 2552 888 2592 propulsatur.
907 2552 966 2583 Ob-

224 2633 229 2646 ¹
245 2632 308 2663 Cic.‚
328 2632 358 2656 de
379 2634 483 2663 Inveni„
505 2633 549 2657 lib.
565 2633 596 2657 ll.
618 2646 644 2650 —
662 2633 670 2646 ²
687 2634 772 2663 Rern,
787 2633 821 2656 acl
837 2633 964 2664 Sophiam,

192 2668 264 2699 epist.
280 2673 348 2699 exn,
361 2668 388 2692 in
405 2669 464 2692 fine.

1725 178 1785 210 413

1005 239 1167 270 servantia
1189 242 1236 270 est
1260 240 1361 272 virtus
1383 250 1440 282 per
1461 251 1560 283 quam
1584 243 1731 276 homines
1752 245 1786 276 in

1006 292 1114 333 aliqua
1136 293 1310 333 dignitate,
1334 295 1424 328 cultu
1447 297 1586 337 quodam
1609 300 1641 329 et
1664 299 1787 330 honore

1006 347 1194 386 dignantur.
1212 347 1334 379 Veritas
1356 352 1403 380 est
1417 351 1519 382 virtus
1535 361 1591 392 per
1605 361 1705 392 quam
1723 353 1786 384 im-

1009 402 1131 432 mutata
1145 410 1183 432 ea
1197 410 1271 442 quae
1286 405 1371 441 sunt,
1389 406 1444 435 aut
1459 414 1532 445 quae
1547 408 1619 437 ante
1634 407 1764 438 suerunt
1776 430 1785 446 ‚

1007 457 1064 486 aut
1078 455 1091 485 f
1093 457 1188 486 utura
1201 458 1286 494 sunt,
1304 456 1464 489 dicuntur.
1477 458 1660 491 lnnocentia
1674 463 1720 491 est
1732 470 1788 500 pu-

1008 509 1085 539 ritas
1105 509 1215 548 animi,
1240 510 1368 549 injuriae
1391 521 1520 543 omnem
1542 513 1716 545 illationem
1731 514 1789 545 ab·

1009 562 1155 594 horrens.
1171 563 1236 594 Hac
1252 563 1372 595 virtute
1383 565 1427 596 dii
1445 566 1620 606 placantur.
1641 567 1789 600 Amicitia

1010 618 1056 647 est
1073 616 1220 648 voluntas
1233 617 1316 648 bona
1331 627 1410 657 erga
1424 619 1576 660 aliquem,
1592 630 1688 652 causa
1703 621 1790 653 illius

1010 670 1066 710 qui
1079 670 1235 710 diligitur,
1251 680 1327 702 cum
1339 673 1409 712 ejus
1423 674 1492 714 pari
1507 675 1682 706 intentione
1698 684 1790 715 aquo

1010 723 1168 763 diligitur.
1188 724 1292 765 Hujus
1307 726 1451 766 primum
1472 727 1615 759 officium
1636 731 1684 759 est
1704 728 1790 760 idem

1010 777 1105 815 velle,
1128 779 1158 808 et
1183 778 1266 810 idem
1281 779 1365 811 nolle
1371 791 1379 818 ;
1397 780 1535 812 alterum
1550 784 1670 813 secreto
1684 782 1791 814 admo-

1011 841 1099 870 nere,
1116 834 1148 862 et
1162 832 1266 872 palam
1281 833 1423 865 laudare.
1440 834 1611 866 Concordia
1627 838 1674 867 est
1688 836 1792 868 virtus

1012 885 1157 916 concives
1179 888 1210 916 ct
1233 888 1458 927 compatriotas
1481 889 1515 919 in
1536 889 1647 920 eodem
1669 890 1744 929 jure
1761 891 1792 921 et

1012 939 1258 978 cohabitatione,
1277 943 1308 971 et
1318 944 1491 982 spontanee
1506 943 1650 974 metiens.
1667 943 1790 975 Miseri-

1013 993 1119 1023 cordia
1141 996 1187 1024 est
1217 994 1319 1025 virtus
1344 1004 1401 1035 per
1426 1005 1523 1036 quam
1547 997 1674 1028 animus
1697 1006 1793 1038 super

1013 1046 1190 1078 calamitate
1208 1048 1399 1079 afflictorum
1416 1053 1575 1082 movetur.
1597 1051 1672 1082 Haec
1688 1052 1792 1083 virtus

1014 1100 1095 1130 nihil
1109 1100 1359 1133 humanumase
1374 1103 1516 1134 alienum
1529 1107 1637 1144 putat3
1655 1106 1792 1137 aliorum

1014 1155 1131 1185 damna
1153 1155 1203 1186 vel
1225 1156 1409 1195 commoda,
1436 1167 1495 1188 sua
1522 1159 1670 1190 aestimat.
1692 1159 1791 1191 Disci-

1016 1208 1117 1248 plina,
1150 1209 1325 1240 secundum
1356 1211 1566 1250 Cyprianum,
1596 1215 1644 1243 est
1664 1222 1794 1244 morum

1016 1262 1161 1293 ordinata
1181 1264 1345 1303 correctio,
1372 1266 1403 1295 et
1426 1267 1588 1306 maj0rum
1612 1267 1794 1307 praeceden-

1016 1316 1096 1347 tium
1120 1319 1249 1356 patrum
1276 1318 1434 1358 regularis
1457 1320 1650 1352 observatio.
1676 1321 1796 1352 Secun-

1016 1369 1094 1400 dum
1112 1370 1284 1410 Hugonem
1303 1372 1341 1403 de
1359 1375 1467 1405 sancto
1483 1372 1608 1405 Victore
1628 1385 1635 1405 :
1660 1386 1674 1404 α
1699 1375 1795 1406 Disci-

1017 1423 1118 1463 plina⁷
1144 1426 1190 1454 est
1212 1426 1411 1457 conversatio
1432 1427 1515 1458 bona
1537 1430 1568 1458 et
1582 1428 1732 1466 honesta,
1748 1429 1797 1460 cui

1018 1486 1132 1516 parum
1155 1480 1203 1508 est
1219 1488 1284 1510 non
1300 1480 1420 1511 malum
1438 1482 1555 1520 sacere3
1573 1483 1627 1513 sed
1646 1483 1751 1514 studet
1766 1483 1799 1514 in

1018 1531 1078 1568 Ιήε,
1096 1540 1169 1571 quae
1183 1532 1262 1563 bene
1282 1534 1360 1573 agit,
1378 1538 1558 1574 percuncta
1572 1536 1796 1576 irreprehensi·

1018 1584 1089 1614 bilis
1104 1595 1268 1625 apparere.
1283 1598 1298 1615 n
1319 1587 1404 1619 Idem
1422 1599 1428 1619 z
1452 1600 1466 1617 «
1481 1589 1651 1629 Disciplina
1665 1592 1711 1621 est
1725 1600 1798 1622 om-

1019 1639 1112 1669 nium
1127 1640 1350 1671 membrorum
1369 1644 1474 1673 motus
1495 1643 1672 1683 ordinatus,
1690 1647 1720 1675 et
1733 1645 1796 1675 dis-

1019 1693 1132 1732 positio
1155 1693 1269 1724 decens
1291 1695 1323 1725 in
1339 1696 1427 1726 omui
1451 1697 1564 1728 habitu
1583 1700 1614 1728 et
1630 1699 1763 1729 actione.
1783 1709 1798 1728 >a

1019 1746 1217 1778 Bernarilus’
1231 1759 1236 1778 z
1252 1759 1265 1777 (ι
1279 1749 1452 1789 Disciplina
1462 1751 1618 1782 cervicem
1630 1752 1797 1792 submittit,

1019 1800 1148 1840 deponit
1163 1802 1346 1841 supercilia,
1372 1803 1499 1834 vultum
1521 1806 1695 1845 componit,
1718 1806 1799 1846 ligat

1019 1854 1147 1893 oculos,
1171 1856 1342 1886 cachinnos
1363 1857 1505 1894 collibet,
1530 1859 1715 1890 moderatur
1733 1860 1796 1890 lin-

1020 1916 1128 1946 guam,
1144 1908 1257 1947 gulam
1273 1910 1396 1947 fraenat,
1414 1911 1494 1941 iram
1510 1911 1608 1949 sedat,
1627 1913 1741 1943 format
1753 1912 1799 1944 in-

1020 1970 1156 1992 cessum.
1176 1973 1190 1990 n
1211 1962 1395 1994 Obedientia
1417 1964 1462 1994 sic
1484 1965 1673 1996 describitur
1691 1977 1697 1997 :
1717 1966 1799 1997 Obe-

1842 477 1907 496 [nno-

1817 507 1897 528 centia.

1840 1981 1895 2002 Obe-

1021 2015 1139 2045 dientia
1154 2018 1199 2046 est
1213 2016 1363 2047 voluntas
1376 2017 1508 2048 faciendi
1522 2022 1730 2059 praeceptum,
1748 2020 1798 2051 vel
1813 2012 1903 2034 diemffi·

1022 2069 1208 2100 mandatum
1225 2071 1439 2110 superiorum.
1465 2071 1542 2102 Item
1556 2073 1601 2103 sic
1619 2084 1625 2104 :
1643 2073 1798 2104 Obedien—

1021 2122 1065 2152 tia
1084 2125 1130 2152 est
1145 2123 1375 2164 obtemperatio
1391 2126 1566 2156 secundum
1588 2128 1735 2166 regulam
1754 2138 1799 2159 sa-

1021 2185 1084 2206 crae
1099 2176 1271 2216 Scripturae
1287 2179 1463 2218 majoribus
1479 2180 1737 2221 quibuscumque
1750 2182 1800 2213 de-

1021 2231 1098 2261 bita.
1120 2230 1175 2261 Vel
1191 2231 1234 2261 sic
1252 2240 1259 2261 ε
1283 2232 1468 2263 Obedientia
1483 2236 1530 2264 est
1543 2237 1753 2274 spontaneum
1769 2239 1800 2268 et

1021 2284 1210 2315 rationabile
1235 2285 1372 2324 propriae
1399 2286 1573 2317 voluntatis
1595 2289 1797 2322 sacrificium.

1021 2337 1075 2368 Vel
1099 2338 1166 2368 sic:
1188 2338 1371 2369 Obedientia
1391 2341 1437 2369 est
1459 2340 1510 2379 pio
1535 2342 1638 2372 studio
1663 2345 1799 2383 propriae

1022 2391 1194 2422 voluntatis
1216 2392 1396 2431 abnegatio.
1420 2393 1623 2432 Augustinus
1642 2408 1647 2427 ι
1670 2408 1684 2425 «
1704 2397 1800 2432 Citius

1022 2446 1191 2476 exauditur
1214 2455 1280 2476 una
1304 2447 1480 2477 obedientis
1501 2450 1612 2488 oratio,
1629 2460 1726 2490 quam
1742 2452 1796 2482 de-

1022 2508 1089 2529 cem
1107 2499 1207 2530 millia
1222 2501 1484 2540 contemptoris.»
1498 2500 1642 2542 AEquitas
1652 2507 1699 2535 est
1709 2514 1800 2535 amor

1022 2553 1212 2593 aequalitatis
1228 2554 1261 2583 in
1272 2553 1332 2590 his,
1344 2554 1375 2584 in
1388 2555 1506 2594 quibus
1521 2556 1612 2587 debet
1622 2567 1688 2588 esse
1696 2567 1801 2598 aequa-

1019 2607 1090 2638 litas
1104 2607 1157 2647 (a).

1055 2670 1085 2700 (a)
1102 2671 1164 2694 Caes.
1181 2670 1244 2694 edil.
1262 2670 1377 2700 [finalitas.
