2003 3037
80 1192 127 1216 Quo

48 1223 113 1243 modo
126 1223 153 1243 ad

57 1254 145 1274 Eucha-

58 1285 142 1306 ristiam

49 1317 115 1344 digne
121 1325 155 1339 ac-

48 1351 146 1372 cedatur.

679 202 728 236 DE
751 201 944 236 MEDICINA
965 199 1283 233 SACRAMENTALI.

176 273 261 315 quod
275 273 309 305 in
319 272 459 314 qualibet
474 272 543 314 eJus
557 271 657 313 parte,
675 271 742 304 sive
755 271 796 302 sit
810 271 949 311 integra,

175 327 243 359 sive
261 327 364 360 divisa
381 337 388 360 :
405 335 441 358 ac
460 334 518 367 per
536 324 596 356 hoc
617 333 683 356 non
699 325 748 356 est
769 323 813 355 ibi
838 325 875 356 ut
892 324 952 355 cir-

175 381 405 422 cumscriptum
416 405 425 420 ,
447 381 483 412 ut
501 387 660 420 occupans
676 378 802 418 locum,
822 377 874 410 vel
890 377 950 408 ha-

175 434 253 466 bens
268 434 377 473 situm,
389 434 425 465 ut
438 431 643 474 perceptibile
658 441 715 473 per
728 431 869 473 aliquem
882 439 952 462 sen-

174 497 246 520 sum
265 496 454 529 corporeum
469 487 500 517 et
515 485 713 525 humanum;
741 485 795 516 sed
822 493 952 516 omnem

173 541 273 574 latens
289 549 430 579 sensum,
443 541 480 572 ut
495 539 573 571 fides
586 539 702 571 habeat
716 539 825 570 locum
840 539 871 570 et
889 547 952 569 me-

173 596 284 628 ritum.
309 593 441 635 Propter
462 593 548 634 quod
571 593 683 630 etiam,
705 594 823 624 utnon
838 593 949 633 depre-

174 649 343 687 hendatur,
359 647 532 678 accidentia
541 646 595 678 illa
604 646 725 677 habent
735 655 865 677 omnem
875 655 950 687 ope-

173 701 341 740 rationem,
356 710 453 742 quam
469 700 565 731 etiam
580 700 742 731 habebant
758 701 863 741 prius⁷
880 700 952 731 licet

172 755 236 787 sint
254 755 370 795 praeter
393 755 596 794 subJectum,
620 754 764 794 quandiu
788 754 951 785 continent

155 808 254 839 —intra
275 818 308 840 se
331 807 446 840 Christi
470 817 585 848 corpus
612 820 617 840 :
643 808 729 849 quod
751 808 881 849 quidem
905 810 952 839 est

170 863 310 903 quandiu
333 863 450 894 durant
470 862 503 893 in
517 862 584 893 suis
599 862 846 903 proprietatibus
861 865 950 894 natu-

169 916 302 955 ralihus⁷
320 919 350 947 et
365 917 440 961 sunt
455 916 578 947 idoneae
594 915 633 947 ad
649 916 832 947 cibandum.

211 969 393 1009 Postremo,
419 969 572 1009 quoniam
596 970 752 1011 capacitas
778 971 886 1001 nostra
910 970 949 1002 ad

171 1022 331 1054 Christum
362 1022 530 1054 efficaciter
554 1022 791 1062 suscipiendum
813 1032 880 1054 non
904 1023 950 1054 est

169 1075 203 1106 in
217 1076 327 1114 carne,
342 1076 397 1107 sed
417 1076 451 1106 in
476 1076 610 1116 spiritu3
627 1085 693 1107 non
708 1076 740 1107 in
756 1079 879 1115 ventre,
895 1076 947 1108 sed

169 1129 204 1159 in
219 1131 341 1167 mente;
358 1131 388 1160 et
411 1138 501 1160 mens
516 1128 678 1160 Christum
704 1138 771 1161 non
800 1130 946 1170 attingit,

169 1182 231 1213 nisi
246 1192 302 1223 per
322 1182 541 1222 cognitionem
556 1185 587 1214 et
605 1193 764 1222 amorem,
781 1193 838 1224 per
851 1184 947 1215 fidem

169 1238 200 1266 et
219 1235 424 1275 charitatem,
447 1236 490 1267 ita
511 1237 596 1276 quod
626 1237 704 1268 fides
726 1237 886 1268 illuminat
909 1237 946 1268 ad

169 1289 423 1328 recognitionem
438 1289 488 1320 vel
510 1290 778 1330 recordationem,
796 1293 827 1322 et
841 1291 947 1322 chari-

168 1343 216 1373 tas
231 1342 410 1374 inflammat
432 1343 471 1374 ad
487 1344 687 1375 devotionem
706 1356 712 1376 :
729 1344 799 1376 ideo
819 1345 859 1376 ad
873 1345 944 1384 hoc,

168 1395 253 1435 quod
278 1395 392 1436 aliquis
416 1396 515 1436 digne
539 1397 682 1436 accedat,
709 1400 833 1438 oportet
861 1399 947 1439 quod

168 1449 375 1489 spiritualiter
398 1450 560 1489 comedat,
584 1452 620 1481 ut
645 1451 689 1482 sic
706 1451 869 1483 Christum
891 1461 948 1492 per

167 1502 419 1534 recordationem
432 1503 507 1534 fidei
518 1504 678 1543 masticet,
691 1506 721 1536 et
735 1515 792 1545 per
804 1505 947 1537 devotio-

167 1564 240 1586 nem
262 1556 382 1587 amoris
404 1557 554 1597 suscipiat
571 1567 578 1588 :
595 1567 652 1598 per
675 1567 749 1598 quae
766 1568 832 1590 non
856 1559 890 1589 in
914 1568 946 1590 se

166 1610 371 1641 transformet
386 1610 563 1650 Christum,
581 1611 635 1642 sed
649 1612 715 1652 ipse
737 1613 842 1653 potius
863 1613 947 1654 traji-

167 1663 269 1694 ciatur
295 1664 329 1694 in
356 1665 426 1704 ejus
457 1665 631 1704 mysticum
658 1674 782 1706 corpus.
813 1666 947 1707 Propter

167 1716 252 1756 quod
268 1717 433 1748 manifeste
450 1717 624 1758 colligitur,
645 1719 730 1760 quod
747 1720 802 1760 qui
824 1720 943 1761 tepide,

167 1769 315 1801 indevote
336 1771 367 1801 et
381 1770 611 1803 inconsiderate
626 1773 745 1803 accedit
756 1797 765 1811 ,
776 1772 943 1812 judicium

166 1822 231 1854 sibi
254 1823 430 1855 manducat
454 1826 483 1855 et
506 1823 600 1863 bibit,
627 1825 705 1865 quia
728 1827 816 1857 tanto
839 1836 943 1858 sacra-

167 1878 274 1907 mento
290 1877 517 1908 contumeliam
537 1878 620 1909 facit.
638 1878 675 1909 Et
689 1879 761 1910 ideo
776 1880 944 1911 consilium

167 1931 213 1959 est
228 1929 288 1968 his,
302 1930 358 1970 qui
369 1940 401 1962 se
412 1931 554 1962 sentiunt
567 1932 674 1964 minus
688 1933 827 1964 mundos
837 1936 944 1965 mente

166 1982 216 2014 vel
233 1992 339 2022 carne,
356 1984 407 2015 vel
421 1985 517 2015 etiam
532 1985 712 2023 indevot05‚
728 1987 764 2017 ut
778 1987 940 2027 differant,

167 2045 333 2078 quousque
346 2039 447 2078 parati
460 2039 499 2070 ad
512 2048 604 2070 esum
618 2040 687 2072 veri
702 2041 795 2080 agni,
811 2042 923 2073 mundi
933 2066 941 2080 ,

167 2089 271 2121 devoti
281 2093 311 2121 et
318 2091 538 2132 circumspecti
547 2093 706 2124 accedant.
719 2093 849 2134 Propter
858 2095 942 2135 quod

167 2142 262 2173 etiarn
277 2143 338 2175 hoc
359 2148 595 2176 sacramentum
618 2149 814 2187 praeceptum
829 2151 875 2179 est
890 2158 941 2180 ce-

166 2194 283 2227 lebrari
294 2207 366 2228 cum
377 2198 573 2230 solemnitate
584 2200 755 2240 praecipua,
766 2203 831 2231 tam
841 2211 941 2242 quan-

1288 318 1429 352 CAPUT
1462 318 1506 352 X.

1196 405 1234 432 De
1251 404 1408 439 inteqricate
1426 406 1600 433 Paem'tentz'ae.

1050 483 1092 515 De
1107 486 1307 516 sacramento
1323 485 1518 525 poenitentiae
1535 484 1598 516 hoc
1613 483 1788 515 tenendum

1010 539 1067 577 est,
1085 538 1170 578 quod
1186 538 1195 556 ¹
1211 538 1280 580 ipsa
1292 539 1339 570 est
1354 539 1493 570 secunda
1508 537 1616 570 tabula
1629 538 1700 578 post
1711 546 1789 569 nau-

1009 591 1165 632 fragium,
1182 592 1222 623 ad
1244 601 1342 633 quam
1361 593 1561 632 naufragatis
1582 600 1640 633 per
1656 590 1789 622 mortale

1009 646 1174 685 peccatum
1191 654 1358 677 recurrere
1377 647 1497 686 potest,
1523 644 1668 686 quandiu
1691 645 1739 675 est
1755 643 1790 674 in

1010 699 1095 730 statu
1103 699 1270 739 praesentis
1281 699 1368 738 vitae,
1380 699 1658 740 quandocumque,
1671 699 1702 729 et
1713 705 1790 738 quo-

1009 752 1208 794 tiescumque
1242 753 1387 786 divinam
1418 753 1621 785 clementiam
1652 751 1790 784 voluerit

1008 806 1191 847 implorare.
1223 806 1324 848 Ipsius
1353 809 1461 838 autem
1485 808 1591 847 partes
1615 805 1789 845 integrales

1008 861 1082 891 sunt
1099 860 1245 891 contritio
1260 860 1294 891 in
1309 860 1433 899 animo,
1455 859 1610 891 confessio
1624 859 1657 890 in
1672 859 1788 898 verbo,

1008 914 1039 944 et
1053 913 1223 945 satisfactio
1238 913 1272 944 in
1284 913 1377 944 facto.
1393 913 1442 945 Ex
1461 913 1580 954 quibus
1594 914 1671 944 tunc
1685 913 1787 953 poeni-

1006 967 1105 998 tentia
1116 967 1308 1007 integratur,
1321 977 1395 998 cum
1407 970 1552 1008 peccator
1564 976 1694 998 omnem
1706 975 1790 998 mor-

1006 1020 1104 1051 talem
1124 1021 1251 1061 culpam
1273 1022 1490 1062 perpetratam
1505 1022 1536 1052 et
1550 1021 1631 1052 facto
1652 1020 1786 1058 deserit,

1007 1076 1038 1104 et
1054 1074 1154 1106 verbo
1175 1077 1317 1113 accusat,
1339 1077 1371 1106 et
1390 1075 1498 1106 animo
1513 1074 1697 1113 detestatur,
1713 1083 1789 1114 pro-

1005 1136 1128 1168 ponens
1143 1137 1312 1168 nunquam
1327 1128 1444 1159 iterare
1467 1116 1649 1168 peccatum?
1660 1126 1717 1158 His
1730 1136 1787 1159 au-

1005 1182 1071 1212 tem
1086 1181 1193 1212 debito
1206 1181 1303 1213 modo
1318 1181 1595 1220 concurrentum,
1607 1190 1682 1212 cum
1699 1181 1790 1212 abso-

1005 1234 1128 1265 lutione
1141 1235 1223 1266 facta
1237 1235 1276 1266 ab
1292 1244 1330 1266 eo
1350 1235 1383 1266 in
1396 1244 1460 1276 quo
1474 1237 1520 1266 est
1536 1235 1624 1274 ordo,
1642 1235 1740 1268 clavis
1757 1237 1789 1266 et

1001 1288 1199 1327 Jurisdictio,
1225 1288 1403 1321 absolvitur
1425 1289 1524 1321 homo
1550 1298 1569 1320 a
1592 1290 1734 1329 peccato,
1758 1291 1789 1319 et

1004 1341 1152 1373 reunitur
1166 1341 1329 1381 Ecclesiae,
1347 1345 1377 1374 et
1401 1342 1626 1374 reconciliatur
1646 1342 1786 1382 Christo,

1005 1395 1165 1427 medlente
1178 1396 1268 1429 clave
1282 1396 1467 1428 sacerdotali
1487 1407 1494 1428 :
1514 1406 1572 1437 per
1585 1397 1677 1437 cujus
1691 1397 1788 1428 etiam

1000 1449 1162 1488 judicium
1176 1459 1242 1480 non
1258 1451 1386 1481 tantum
1412 1450 1482 1481 fieri
1502 1450 1599 1481 habet
1613 1449 1785 1489 absolutio,

1004 1511 1120 1534 verum
1134 1504 1231 1534 etiam
1246 1504 1551 1542 excommunicatio,
1569 1505 1600 1534 et
1614 1503 1785 1543 relaxatio,

1004 1565 1077 1596 quae
1087 1557 1215 1597 proprie
1230 1557 1327 1589 habet
1336 1558 1406 1589 fieri
1418 1558 1457 1589 ab
1469 1558 1616 1598 episcopo
1631 1559 1786 1597 tanquam

1003 1610 1043 1640 ab
1058 1610 1206 1641 Ecclesiae
1223 1620 1352 1650 sponso.

1044 1665 1134 1697 Ratio
1156 1668 1265 1697 autem
1295 1666 1334 1697 ad
1355 1666 1601 1707 intelligentiam
1622 1667 1786 1708 praedicto-

1002 1727 1087 1759 rum,
1104 1719 1175 1751 haec
1190 1721 1236 1751 est
1250 1731 1256 1750 ε
1275 1720 1352 1760 quia
1363 1721 1559 1761 principium
1574 1723 1721 1753 nostrum
1736 1731 1786 1754 re—

1001 1773 1200 1813 parativam,
1216 1773 1358 1805 Verbum
1374 1775 1492 1806 scilicet
1508 1775 1728 1814 incarnatum,
1746 1785 1784 1808 eo

1001 1826 1070 1867 ipso
1094 1827 1180 1867 quod
1203 1827 1345 1867 verbum,
1364 1830 1412 1859 est
1432 1829 1503 1859 fons
1524 1829 1671 1860 veritatis
1688 1831 1718 1860 et
1731 1839 1782 1860 sa-

1001 1879 1147 1919 pientiae,
1165 1889 1202 1911 eo
1225 1881 1293 1920 ipso
1309 1881 1395 1920 quod
1410 1882 1631 1922 incarnatmn,
1649 1883 1720 1914 fons
1736 1885 1783 1913 est

1001 1933 1128 1974 pietatis
1144 1936 1174 1965 et
1188 1933 1400 1973 indulgentiae
1416 1945 1422 1966 ε
1441 1935 1512 1967 ideo
1526 1945 1674 1976 reparare
1688 1936 1782 1968 debet

1000 1996 1104 2027 genus
1127 1987 1310 2019 humanum
1337 1998 1394 2028 per
1422 1989 1655 2021 medicamenta
1674 1999 1780 2022 sacra-

999 2043 1195 2080 mentorum,
1210 2044 1240 2072 et
1250 2042 1345 2082 praeci
1349 2050 1412 2082 pue
1422 2044 1532 2074 contra
1542 2044 1692 2075 morbum
1700 2052 1779 2084 prae-

998 2093 1147 2133 cipuum,
1165 2094 1220 2134 qui
1242 2093 1359 2125 scilicet
1373 2096 1419 2125 est
1440 2096 1573 2127 mortale
1593 2099 1775 2137 peccatum,

993 2148 1090 2187 juxta
1104 2147 1190 2187 quod
1205 2147 1293 2178 (lecet
1307 2148 1487 2187 pontificem
1497 2149 1600 2189 pium,
1615 2150 1776 2181 medicum

997 2201 1153 2240 peritum,
1172 2202 1202 2230 et
1213 2201 1355 2239 judicem
1371 2210 1502 2241 aequum
1520 2213 1526 2232 :
1546 2205 1583 2234 ut
1604 2204 1648 2234 sic
1667 2204 1702 2234 in
1717 2213 1776 2235 cu-

996 2253 1118 2284 ratione
1151 2255 1260 2284 nostra
1297 2257 1446 2294 appareat
1483 2254 1578 2287 Verbi
1616 2257 1773 2289 incarnati
1816 2279 1841 2298 1„
1850 2280 1894 2300 POEV

995 2316 1123 2338 summa
1144 2306 1327 2346 clementia,
1342 2310 1372 2339 et
1389 2317 1517 2340 summa
1531 2309 1717 2350 prudentia,
1742 2314 1773 2343 et
1789 2309 1887 2361 cgit‘jffiiiss

995 2370 1121 2392 summa
1132 2360 1265 2400 Justitia.
1788 2372 1823 2401 tur
1835 2377 1894 2392 sum-

1033 2414 1181 2445 -Primum
1208 2414 1331 2453 igitur,
1362 2416 1517 2456 quoniam
1546 2417 1580 2447 in
1607 2418 1772 2450 curatione
1800 2408 1880 2454 cffifi

993 2471 1099 2499 nostra
1114 2478 1133 2499 a
1147 2469 1273 2499 mortali
1296 2469 1389 2510 culpa
1409 2480 1466 2510 per
1480 2471 1699 2510 poenitentiam
1719 2482 1771 2513 ap-
1786 2460 1891 2518 ζῗᾚῗι

993 2532 1104 2562 parere
1119 2523 1210 2554 debet
1224 2523 1323 2562 ipsius
1336 2524 1450 2555 Christi
1462 2524 1624 2556 Pontificis
1633 2526 1768 2566 piissimi
1781 2521 1892 2578 ξιξεζξζξθεῑ

992 2586 1120 2608 summa
1135 2577 1312 2616 clementia,
1326 2579 1357 2608 et
1367 2587 1496 2611 summa
1510 2580 1676 2611 clementia
1691 2581 1768 2612 Pon-

992 2631 1084 2662 tificis
1106 2631 1325 2671 superexcedit
1343 2633 1451 2664 omnia
1467 2637 1593 2673 peccata
1609 2635 1765 2673 [nnn-ana,

165 2249 235 2280 tum
256 2250 295 2281 ad
319 2251 440 2290 locum,
456 2261 554 2292 quam
578 2253 673 2284 etiam
688 2254 727 2284 ad
749 2256 891 2295 tempus,
910 2257 940 2286 et

165 2305 324 2342 quantum
340 2305 379 2336 ad
391 2305 490 2337 verba
506 2308 537 2337 et
551 2307 720 2346 orationes,
738 2310 768 2339 et
783 2311 937 2348 quantum

164 2356 202 2387 ad
217 2358 407 2390 vestimenta
422 2359 455 2390 in
477 2359 686 2392 celebratione
701 2362 883 2402 missarum,
902 2365 938 2394 ut

164 2410 229 2440 tam
238 2411 298 2451 ipsi
307 2413 485 2444 sacerdotes
500 2414 711 2454 conficientes,
729 2426 826 2456 quam
842 2417 938 2448 etiam

165 2463 382 2504 suscipientes,
400 2467 576 2507 percipiant
594 2468 708 2507 gratiae
727 2469 864 2508 donum,
882 2480 938 2510 per

166 2523 259 2552 quam
267 2520 459 2558 purgentur,
472 2519 705 2560 illuminentur,
718 2522 934 2563 perficiantur,

164 2568 356 2609 reficiantur,
373 2572 591 2613 vivificentur,
611 2576 642 2605 et
662 2574 694 2605 in
717 2575 824 2615 ipsum
845 2576 936 2608 Chri-

163 2622 248 2652 stum
267 2631 324 2662 per
338 2625 535 2657 excessivum
552 2636 695 2660 amorem
717 2628 935 2661 ardentissime

164 2676 404 2708 transferantur.
1025 2694 1156 2724 ¹Hieron.‚
1171 2694 1244 2725 epist.
1259 2700 1327 2718 cxiv.
