2003 3037
92 320 176 341 confes-

113 356 154 372 sio.

110 1882 193 1902 Remis-

89 1913 194 1939 siopoeni-

89 1945 154 1965 tentis
167 1944 193 1963 ad

95 1982 118 1995 so
125 1975 191 1999 gvi-rio·

203 247 262 277 4224

202 312 336 345 cerdotis
353 322 360 341 t
377 320 515 352 quorum
536 312 680 352 priorum
697 312 822 352 primus
846 315 893 343 est
908 321 978 353 pro-

202 367 271 407 pter
284 365 506 396 enormitatem
519 364 656 403 sceleris,
671 365 713 396 ob
727 374 824 406 quam
839 367 887 396 est
899 374 975 397 con-

201 419 294 450 fitens
316 418 356 450 ad
378 418 575 458 superiorem
595 418 805 450 remittendus
824 419 864 449 ab
879 428 933 457 eo,
950 419 976 450 si

200 471 356 510 voluerit,
381 471 499 502 iterum
525 471 719 510 audiendus;
747 471 907 502 secundus
931 474 977 503 est

199 527 327 566 propter
351 525 566 565 ignorantiam
589 525 777 563 sacerdotis,
801 525 877 565 quia
897 526 977 556 tunc

198 581 245 610 est
259 579 453 619 quaerendus
476 579 611 619 peritus,
634 579 735 609 sciens
754 578 878 609 solvere
892 581 922 609 et
936 578 975 609 li·

199 641 295 672 gare,
319 632 370 663 cui
395 634 470 663 sunt
491 631 609 663 iterum
634 633 760 672 peccata
783 631 973 671 detegenda.

199 686 267 717 Duo
284 694 361 717 vero
373 688 448 717 sunt
459 695 498 716 ex
515 687 604 726 parte
619 685 817 716 confitentis:
835 694 976 725 quorum

198 739 322 779 primus
343 741 389 769 est
407 740 536 779 propter
560 738 715 769 malitiam
732 738 884 776 fictionis,
901 741 936 769 ut
949 739 975 769 si

198 792 327 823 accessit
341 801 415 822 cum
426 792 589 823 voluntate
603 791 765 832 peccandi,
782 791 833 822 vel
847 791 975 832 aliquod

198 847 361 885 peccatum
378 845 512 876 scienter
528 846 560 875 in
573 845 766 876 conscientia
778 845 972 882 reservavit;

199 899 358 930 secundus
381 901 428 930 est
453 900 581 938 propter
606 900 825 938 contemptum
851 898 974 929 satista-

198 951 322 990 ctionis,
334 954 369 983 ut
378 951 506 992 quando
515 952 693 982 satisfacere
705 951 843 990 negligit
858 954 888 982 et
903 960 976 981 con-

198 1005 323 1036 temnit.
347 1004 381 1035 In
396 1005 521 1035 duobus
543 1004 663 1035 ultimis
686 1004 822 1042 casibus,
847 1004 874 1034 si
890 1004 976 1035 vadit

198 1058 236 1089 ad
247 1058 348 1089 alium
363 1058 569 1095 sacerdotem,
584 1057 632 1087 vel
644 1057 794 1087 eumdem
807 1058 974 1097 interjectu

199 1112 350 1152 temporis
361 1113 430 1152 jam
441 1111 587 1148 oblitum,
601 1111 693 1141 debet
707 1111 805 1141 homo
821 1111 904 1141 mala
919 1121 977 1142 sua

199 1165 314 1196 iterum
330 1165 486 1196 confiteri.
508 1164 544 1195 Et
566 1164 610 1194 sic
631 1173 669 1194 cx
694 1166 782 1203 parte
806 1165 977 1195 sacerdotis

199 1220 246 1249 est
261 1218 379 1258 duplex
394 1218 549 1255 defectus,
567 1217 686 1248 scilicet
703 1217 777 1257 quia
796 1226 859 1247 non
876 1219 977 1256 potest

199 1272 375 1309 absolvere,
400 1271 447 1302 vel
473 1271 550 1311 quia
573 1270 688 1308 nescit3
705 1279 745 1301 ex
770 1272 859 1304 parte
881 1271 977 1301 etiam

200 1325 380 1356 confitentis
394 1327 441 1355 est
455 1324 574 1364 duplex
591 1324 730 1354 desectus
742 1347 749 1361 ,
767 1323 885 1354 scilicet
903 1325 978 1363 quia

200 1378 374 1410 contemnit
385 1377 554 1408 sacerdotis
565 1377 811 1414 ahsolutionem,
829 1379 883 1407 aut
900 1377 980 1416 liga-

202 1432 333 1463 tionem.
360 1432 440 1462 Sunt
457 1431 509 1461 alii
530 1431 593 1461 «luo
615 1440 722 1468 casus,
745 1431 782 1461 «le
802 1431 918 1470 quibus
933 1434 978 1461 est

202 1485 508 1516 controversiainter
521 1485 684 1515 doctores:
703 1494 787 1515 nnus
802 1487 846 1514 est
864 1485 901 1514 «le
913 1494 981 1524 pec-

202 1539 261 1569 cati
289 1539 425 1577 alicujus
446 1538 623 1575 oblivione;
651 1538 747 1575 alius,
764 1537 802 1568 de
825 1537 978 1568 recidiva-

203 1592 300 1622 tione.
324 1591 385 1622 Sed
402 1593 502 1631 potest
527 1591 604 1626 dici,
621 1591 706 1631 quod
732 1591 764 1621 in
790 1591 841 1621 his
857 1591 982 1621 duobus

204 1646 328 1676 casibus
354 1645 467 1675 ilerum
493 1645 601 1675 omnia
626 1647 750 1684 peccata
775 1645 916 1675 confiteri
943 1645 983 1675 sit

205 1699 389 1735 consilium,
407 1708 470 1729 non
488 1701 695 1738 praeceptum.
714 1698 860 1738 Quinque
875 1701 982 1729 aulem

205 1756 279 1783 sunt
294 1761 397 1790 casus,
415 1752 575 1792 inquibus
589 1754 635 1782 est
649 1752 802 1781 confitens
814 1752 852 1781 ad
866 1753 984 1791 episco-

207 1816 286 1846 pum
303 1806 487 1843 mittendus,
504 1805 553 1835 vel
569 1815 667 1845 super
683 1815 720 1834 eo
735 1806 901 1845 opiscopus
912 1815 984 1836 con-

208 1859 370 1890 sulendus.
385 1859 510 1889 Primus
521 1861 564 1889 est
580 1859 618 1889 de
634 1859 819 1898 poenitentiu
835 1859 983 1897 solemni,

209 1922 281 1953 quae
297 1913 336 1942 ab
352 1913 418 1952 ipso
433 1913 524 1943 debet
540 1912 672 1951 imponi,
684 1915 712 1941 et
731 1921 786 1951 per
802 1921 876 1942 eum
890 1914 987 1952 poeni-

210 1968 279 1997 tens
295 1965 501 1996 reconciliari.
518 1966 682 1995 Secundus
695 1969 740 1995 est
755 1965 792 1995 dc
803 1974 948 1995 excomm
955 1975 987 1995 u-

212 2020 331 2055 nicatis,
350 2019 435 2057 quod
452 2028 514 2048 non
533 2021 632 2057 poti-st
648 2018 793 2048 sacerdos
816 2018 987 2058 aliquando

211 2072 386 2102 absolvere.
397 2071 522 2101 Tertius
530 2073 587 2107 ost,
597 2080 671 2100 cnm
680 2071 838 2100 invenerit
849 2072 987 2102 sacerdo-

213 2128 287 2163 tem,
304 2124 540 2163 irregularitate
553 2126 723 2154 contracta.
742 2126 869 2162 propter
890 2133 988 2163 quam

212 2179 301 2209 dehet
316 2178 353 2208 ad
366 2178 548 2218 episcopum
566 2177 692 2206 mittere
706 2177 920 2215 confitentem,
934 2178 989 2217 qui

215 2233 239 2262 si
257 2234 367 2271 potest,
384 2240 456 2261 eum
473 2230 628 2265 absolvat,
642 2229 691 2259 vel
707 2238 781 2259 cum
799 2230 910 2260 litteris
925 2231 990 2261 suis

215 2287 252 2317 ad
272 2286 385 2325 Papam
411 2286 525 2315 mittat.
548 2284 686 2321 Quartus
703 2286 747 2314 est
770 2284 807 2313 de
829 2284 991 2315 incendia-

216 2340 282 2370 riis.
300 2340 434 2376 Quintus
449 2341 505 2375 est,
531 2338 555 2367 si
572 2337 609 2367 sit
623 2337 817 2367 consuetudo
835 2337 869 2367 in
884 2337 991 2377 aliquo

217 2393 409 2432 episcopatu,
423 2391 505 2431 quod
518 2393 601 2421 certa
614 2390 747 2420 crimina
758 2390 796 2420 ad
809 2391 990 2430 episcopum

220 2446 396 2481 mittantur,
412 2447 443 2474 nt
459 2444 667 2474 homicidium
683 2447 713 2474 et
729 2445 945 2483 sacrilegium,
963 2448 994 2475 et

221 2500 276 2529 isto
292 2508 382 2528 casus
403 2508 465 2527 non
484 2500 527 2527 est
546 2497 713 2536 generalis.
739 2497 941 2533 Satissacere,
959 2501 992 2528 ut

220 2552 294 2583 dicit
309 2551 509 2589 Augustinus
525 2552 531 2567 ¹
546 2575 550 2587 ‚
573 2563 586 2579 «
604 2552 649 2579 est
664 2552 864 2589 peccatorum
884 2560 995 2581 causas

221 2605 380 2641 excidere,
403 2607 433 2634 et
456 2613 565 2634 eorum
583 2603 846 2642 suggestionibus
872 2604 994 2634 aditum

256 2678 261 2691 ¹
287 2676 339 2698 imo
365 2675 490 2703 Gennad.,
518 2674 546 2698 (Ie
571 2674 664 2699 Ena-les.
691 2675 816 2705 Doqmah,
841 2681 863 2698 c.
889 2681 941 2699 L1v.
967 2687 995 2693 -

255 2720 290 2750 (a)
307 2720 354 2743 Pro
369 2726 433 2743 cum.

853 244 1159 285 CENTILOQUIUM.

1033 323 1098 346 non
1126 314 1306 355 indulgere.
1333 326 1347 344 υ
1372 315 1540 347 Anselmus
1565 317 1576 333 ’
1600 324 1678 347 vero
1705 316 1804 348 dicit:

1036 379 1050 397 ι(
1067 367 1251 399 Satisfaeere
1261 370 1307 400 est
1321 368 1463 400 debitum
1475 368 1538 400 Deo
1549 368 1691 400 reddere.
1703 379 1718 398 n
1735 368 1808 400 Par-

1033 423 1081 452 tes
1095 423 1205 453 autem
1220 421 1440 453 satisfactionis
1455 424 1519 453 tres
1533 422 1746 454 communiter
1759 432 1807 454 as-

1033 475 1217 515 signantur,
1230 475 1346 506 scilicet
1356 475 1530 515 Jejiinium,
1547 476 1761 516 eleemosyna,
1776 477 1808 507 et

1031 527 1144 558 oratio.
1160 526 1322 568 Jejunium
1338 530 1384 559 est
1405 530 1516 559 contra
1530 529 1635 559 carnis
1657 528 1806 570 concupi-

1031 581 1203 618 scentiam
1229 580 1449 621 eleemosyna,
1474 584 1583 613 contra
1601 581 1808 622 cupiditatem

1032 633 1218 671 oculorun1;
1229 634 1331 665 oratio
1341 636 1388 665 est
1402 637 1512 666 contra
1526 635 1708 675 superbiam
1720 635 1807 666 vitae.

1035 686 1130 724 ltem,
1152 686 1314 727 jeJ'unium
1344 687 1470 718 ordinat
1493 697 1552 719 nos
1577 688 1616 719 ad
1643 688 1807 729 nosipsos;

1032 739 1253 780 eleemosyna,
1278 739 1316 771 ad
1341 741 1520 780 proximos3
1538 741 1639 773 oratio
1660 751 1754 778 vero,
1770 741 1809 772 ad

1034 792 1143 823 Deum.
1168 792 1247 824 Item
1274 802 1330 833 per
1358 794 1536 824 orationem
1564 795 1810 826 reconciliamur

1033 846 1106 882 Deo,
1123 846 1175 877 cui
1191 846 1366 877 secundum
1384 846 1603 886 Augustinum
1619 850 1647 885 ⁸,
1664 857 1719 888 per
1729 849 1811 888 jeju-

1033 899 1122 930 nium
1137 902 1168 930 et
1183 899 1433 939 eleemosynam,
1449 899 1584 930 facimus
1599 900 1677 931 duas
1691 900 1768 931 alas.

1073 951 1216 990 Quatuor
1237 954 1343 983 autern
1371 952 1408 983 ad
1435 953 1697 992 justificationem
1721 954 1811 994 impii

1033 1006 1241 1046 requiruntur
1258 1015 1265 1036 z
1281 1006 1345 1036 duo
1361 1015 1400 1036 ex
1417 1009 1505 1046 parte
1522 1007 1586 1044 Dei,
1605 1006 1723 1038 scilicet.
1735 1016 1810 1047 gra·

1033 1060 1085 1091 tiae
1108 1060 1242 1097 infusio,
1269 1062 1299 1089 et
1324 1059 1427 1099 culpae
1449 1060 1611 1100 expulsio;
1637 1063 1667 1091 et
1690 1061 1753 1092 duo
1772 1070 1812 1092 ex

1034 1115 1122 1152 parte
1137 1112 1237 1152 impii,
1250 1112 1368 1143 scilicet
1378 1116 1484 1144 motus
1495 1113 1584 1144 liberi
1601 1114 1722 1145 arbitrii
1739 1124 1813 1145 con-

1033 1176 1149 1197 sonans
1166 1166 1279 1205 gratiae
1290 1166 1484 1204 advenienti,
1501 1170 1531 1197 et
1547 1167 1649 1198 cordis
1665 1167 1812 1198 contritio

1034 1220 1228 1251 concordans
1250 1220 1363 1259 gratiae
1385 1220 1512 1260 culpam
1533 1220 1713 1260 expellenti.
1739 1220 1815 1252 Haec

1035 1276 1142 1304 autem
1158 1275 1296 1313 quatuor
1312 1273 1460 1312 praecedit
1486 1273 1616 1311 attritio,
1642 1273 1759 1304 scilicet
1774 1273 1814 1305 ad

1032 1327 1293 1366 justificationem
1316 1327 1516 1366 praeparatio,
1540 1336 1613 1366 qua),
1638 1329 1685 1357 cst
1708 1329 1814 1357 motus

1037 1380 1109 1411 fidci
1126 1382 1156 1411 et
1177 1379 1303 1417 doloris,
1318 1380 1468 1419 quamvis
1488 1379 1588 1419 longo
1603 1382 1746 1420 tempore
1764 1389 1813 1410 se-

1039 1434 1206 1473 miplenus.
1232 1433 1427 1472 Tang-untur
1454 1435 1562 1464 autem
1588 1434 1656 1464 haec
1680 1435 1817 1473 quatuor

1037 1486 1218 1526 supradicta
1240 1487 1272 1516 in
1290 1486 1343 1516 illo
1360 1495 1455 1516 versu
1469 1487 1478 1502 ⁶
1498 1497 1503 1516 :
1526 1487 1732 1518 commovisti
1756 1490 1815 1518 ter-

1038 1548 1119 1574 ram,
1137 1544 1166 1571 ec
1180 1540 1380 1571 conturbasti
1394 1547 1462 1571 eam
1481 1549 1491 1570 .·
1513 1548 1595 1571 sana
1610 1540 1815 1572 contritiones

1038 1594 1116 1632 ejus,
1131 1595 1210 1633 quia
1225 1596 1377 1625 commota
1393 1596 1449 1625 est.
1467 1593 1573 1624 Gratia
1585 1593 1703 1633 quippe
1718 1593 1814 1624 adve-

1039 1648 1130 1678 niens
1145 1648 1178 1677 in
1194 1647 1334 1677 animam
1348 1671 1354 1679 ,
1371 1650 1551 1677 cominovet
1576 1647 1730 1677 rationem
1742 1671 1749 1684 ,
1767 1656 1817 1677 se·

1040 1701 1181 1731 cundum
1191 1700 1276 1740 quod
1292 1703 1337 1731 est
1354 1702 1488 1740 poteslas
1504 1700 1552 1730 vel
1572 1700 1711 1739 potentia
1727 1700 1816 1730 lilieri

1041 1755 1178 1792 arbitrii3
1191 1756 1221 1784 et
1237 1754 1404 1784 conturbat
1421 1753 1618 1783 voluntatem
1635 1762 1690 1793 per
1705 1753 1820 1783 contri-

1042 1808 1160 1838 tioncm
1175 1818 1182 1845 ;
1209 1809 1239 1837 ct
1270 1807 1471 1847 postmodum
1499 1809 1589 1836 sanat
1620 1815 1675 1846 per
1702 1806 1818 1846 pcccati

1043 1861 1275 1901 expulsionem.
1293 1860 1329 1891 Et
1346 1860 1461 1891 horum
1478 1860 1621 1890 redditur
1639 1859 1756 1900 duplex
1774 1868 1821 1889 ra-

1044 1914 1098 1950 tio,
1111 1914 1228 1944 scilicet
1239 1913 1410 1944 commotio
1421 1913 1564 1950 rationis,
1580 1915 1607 1943 ct
1621 1912 1821 1943 conturbatio

1045 1967 1177 2001 mentis,
1207 1976 1280 2006 quae
1315 1967 1474 2006 praecessit
1499 1977 1505 1996 ς
1532 1967 1616 1996 unde
1641 1966 1787 1996 subditur
1813 1976 1819 1996 :

1047 2021 1133 2059 Quia
1149 2023 1301 2051 commota
1317 2022 1372 2050 est.
1388 2019 1474 2049 Unde
1491 2019 1662 2049 commotio
1677 2018 1790 2048 dicitur
1805 2027 1823 2048 a

1045 2082 1101 2105 con
1129 2075 1181 2110 la),
1202 2072 1286 2112 quod
1313 2074 1359 2102 est
1383 2071 1497 2107 simul,
1521 2072 1595 2111 quia
1617 2074 1692 2101 tunc
1713 2079 1824 2101 omnes

1047 2126 1130 2156 vires
1145 2135 1241 2165 super
1265 2134 1296 2155 se
1314 2127 1516 2164 punguntur,
1542 2127 1573 2155 et
1597 2127 1766 2155 moventur
1785 2123 1823 2154 ad

1048 2179 1180 2209 bonum.

1090 2232 1122 2262 ln
1133 2233 1330 2262 sacramento
1339 2231 1533 2271 pcenitentiae
1541 2233 1587 2261 est
1601 2230 1727 2271 aliquod
1738 2231 1823 2270 quod

1048 2287 1094 2315 est
1120 2288 1244 2315 tantum
1270 2285 1411 2323 signum,
1431 2286 1465 2314 ut
1479 2285 1620 2315 exterior
1640 2284 1824 2324 poenitentia

1049 2338 1223 2369 secundum
1247 2337 1477 2368 institutionem
1505 2337 1651 2367 Ecclesiae
1675 2348 1681 2366 ι
1707 2337 1739 2366 in
1762 2345 1824 2376 qua

1050 2394 1094 2421 cst
1111 2391 1280 2421 sacerdotis
1300 2390 1474 2428 absolutio,
1501 2393 1652 2430 tanquam
1669 2389 1799 2420 formale
1816 2401 1822 2426 ;

1051 2447 1081 2474 ct
1095 2444 1274 2475 confitentis
1297 2443 1495 2481 humiliatio,
1514 2443 1579 2473 sive
1608 2445 1763 2482 quantum
1787 2443 1825 2473 ad

1052 2501 1156 2529 actum
1167 2497 1377 2535 contritionis,
1391 2497 1459 2528 sive
1469 2499 1627 2537 quantum
1636 2496 1673 2526 ad
1690 2496 1824 2526 verbum

1052 2551 1272 2589 accusationis,
1289 2551 1356 2581 sive
1373 2553 1526 2590 quantum
1544 2549 1580 2579 a‹l
1598 2558 1724 2589 poenam
1741 2549 1827 2579 satis·

1053 2605 1205 2642 factionis,
1217 2607 1367 2643 tanquam
1382 2603 1557 2640 materiale3
1570 2602 1667 2640 aliud,
1685 2602 1770 2642 quod
1781 2605 1828 2632 est

1054 2686 1063 2701 ⁵
1076 2685 1197 2714 Ausetm„
1214 2685 1265 2708 Cu>-
1283 2684 1345 2707 ἣρω
1360 2683 1439 2712 homo,
1452 2690 1474 2705 c.
1492 2689 1525 2707 xi.
1542 2696 1570 2700 —-
1583 2683 1591 2696 ³
1607 2684 1682 2713 Aug„
1697 2684 1783 2707 Enarr.
1802 2683 1826 2704 ιή

1055 2719 1122 2743 l’sal.
1137 2725 1202 2749 an,
1218 2726 1243 2742 n.
1260 2720 1282 2742 8.
1298 2732 1323 2735 -—
1343 2718 1429 2742 ¹Psol.
1447 2724 1497 2748 Lux,
1514 2720 1536 2742 4.

1874 2241 1944 2267 Signi-

1840 2273 1918 2294 ficatio.
