2003 3037
103 851 187 874 Anime,

81 885 180 911 purgatas

90 916 166 937 statim

91 948 179 969 evolant

90 980 117 1000 ad
132 980 178 1006 glo·

95 1010 159 1032 riam.

132 2610 195 2630 Ratio

104 2642 178 2662 suffra-

100 2678 186 2698 gistrum

727 184 778 217 DE
799 183 927 217 STATU
949 182 1104 216 FINALIS
1125 182 1273 216 JUDICll.

199 252 303 285 virtus
328 253 442 292 gratiae
471 252 604 284 interius
629 252 801 284 habitantis
827 252 937 293 adiuta
955 261 974 283 a

199 315 295 347 poena
315 306 514 345 extrinseca,
535 305 639 347 ipsam
663 305 805 337 animam
825 306 895 345 Jam
917 314 974 346 pro

199 359 329 392 offensis
343 359 507 400 punitam,
526 361 556 390 et
570 367 589 390 a
602 360 754 390 reatuum
776 367 873 390 onere
896 358 974 390 alle-

202 413 319 445 viatam
333 414 451 454 purget
462 412 656 454 purgatione
669 412 850 450 sufficienti,
863 414 899 443 ut
905 413 974 451 ¹jam

200 467 288 498 nulla
303 467 466 498 remaneat
479 465 703 498 dissimilitudo
718 465 756 498 ad
774 465 923 505 gloriam.
937 465 976 497 Et

200 520 355 562 quoniam
388 519 465 552 tales
500 519 630 560 spiritus
662 519 807 559 dispositi
841 521 916 550 sunt
943 519 976 550 in

201 583 328 606 summo
344 573 384 605 ad
398 572 645 604 deiformitatem
668 572 782 612 gloriae
806 572 977 613 suscipien-

200 627 274 659 dam
285 626 318 658 in
334 635 368 658 se
377 650 385 666 ,
397 635 471 657 cum
481 627 585 666 ,ianua
596 625 636 656 sit
651 628 770 666 aperta,
787 627 819 657 et
828 625 977 666 purgatio

201 681 437 719 consummata,
453 687 581 710 necesse
596 681 644 710 est
657 678 729 710 illos
749 679 880 719 spiritus
899 688 975 711 evo-

200 733 286 772 lare,
302 733 336 764 in
349 733 466 774 quibus
490 733 652 764 charitatis
674 733 760 773 ignis
783 742 914 764 sursum
931 732 976 763 le-

202 796 297 825 vans,
311 788 343 818 et
354 786 435 818 nihil
450 787 614 818 retardans
628 796 670 818 ex
684 789 772 826 parte
787 786 978 826 impuritatis

201 840 335 878 animae,
351 840 403 872 vel
417 842 535 871 reatus.
553 840 615 872 Nec
630 841 717 871 enim
733 840 821 872 decet
835 840 978 873 divinam

202 893 473 933 misericordiam,
497 903 554 925 seu
574 894 731 934 justitiam
746 918 755 932 ,
780 896 818 924 ut
841 893 978 933 amplius

201 947 325 978 differat
347 947 484 987 gloriam
497 971 507 987 ‚
532 948 605 978 enm
626 947 770 979 inveniat
793 950 976 988 receptacu-

202 1001 270 1032 lum
284 1001 454 1039 idoneum,
471 1004 501 1032 et
515 1010 637 1040 magna
658 1001 698 1031 sit
719 1010 813 1041 poena
839 1002 871 1032 in
895 1001 980 1033 dila·

202 1054 286 1086 tione
310 1055 516 1095 praemiorum
522 1078 532 1094 ,
557 1063 615 1085 nec
636 1054 772 1094 amplius
795 1055 902 1095 puniri
923 1055 979 1086 dc-

202 1107 274 1139 beat
287 1108 416 1148 spiritus
426 1109 495 1148 jam
510 1110 681 1148 purgatus.

473 1223 616 1256 CAPUT
647 1223 704 1257 lII.

220 1307 257 1333 De
277 1306 492 1334 antecedentibus
512 1306 548 1333 ad
562 1306 708 1341 judicium,
730 1307 882 1342 cujusmodi
901 1308 962 1334 sunt

415 1351 550 1386 suffraqz'a
570 1352 764 1378 ecclesiastica.

244 1430 286 1461 De
307 1431 471 1470 suffragiis
489 1433 595 1463 autem
615 1432 832 1463 ecclesiasticis
851 1433 911 1464 hoc
933 1434 979 1463 te-

204 1485 348 1516 nendum
372 1487 437 1523 est,
454 1484 539 1525 quod
560 1485 715 1526 suffragia
738 1486 883 1517 Ecclesiae
906 1496 980 1527 pro-

204 1540 278 1568 sunt
306 1539 442 1570 mortuis
458 1551 466 1578 ;
505 1539 661 1579 suffragia
695 1541 764 1571 dico
776 1565 785 1580 ‚
814 1550 887 1581 quae
923 1551 981 1581 pro

204 1591 338 1622 mortuis
362 1591 498 1623 Ecclesia
513 1593 601 1632 facit,
618 1593 699 1624 sicut
718 1595 793 1624 sunt
807 1594 979 1633 sacrificia,

202 1645 343 1684 Jejunia,
365 1645 593 1685 eleemosynae,
610 1648 641 1677 et
664 1646 734 1677 aliae
759 1647 932 1686 orationes,
952 1651 982 1679 et

205 1706 307 1737 poenae
322 1698 504 1729 voluntarie
519 1701 692 1739 assumptas
711 1709 768 1740 pro
784 1709 896 1731 eorum
913 1701 982 1732 cul-

205 1751 253 1790 pis
279 1751 412 1782 celerius
436 1754 467 1782 et
492 1752 615 1783 facilius
643 1753 820 1792 expiandis,
846 1753 983 1785 Prosunt

205 1805 313 1834 autem
343 1805 479 1835 mortuis
510 1814 575 1836 non
610 1806 866 1847 quibuscumque
884 1831 891 1845 ,
928 1808 982 1839 sed

206 1857 405 1888 mediocriter
424 1858 527 1897 bonis,
547 1860 656 1898 utpote
680 1859 753 1897 illis,
780 1860 835 1900 qui
857 1863 931 1891 sunt
948 1861 982 1891 in

207 1912 395 1950 purgatorio
403 1923 411 1950 ;
425 1921 492 1943 non
506 1912 597 1943 valde
608 1913 710 1951 malis,
724 1913 839 1944 scilicet
854 1914 913 1944 illis
928 1915 982 1954 qui

206 1965 327 1995 suntin
341 1965 466 1996 inferno
478 1977 485 2003 ;
502 1975 561 1997 nec
575 1966 669 1998 valde
681 1966 784 2004 honis,
802 1966 918 1998 scilicet
932 1968 983 1999 his

206 2018 260 2058 qui
280 2019 354 2048 sunt
377 2018 410 2049 in
433 2019 531 2050 coelo:
558 2020 638 2060 quin
661 2020 766 2060 potius
786 2030 802 2050 e
828 2029 982 2052 converso

206 2079 318 2102 eorum
334 2073 447 2103 merita
463 2075 493 2103 et
511 2074 670 2104 orationes
685 2074 905 2113 suffragantur
921 2074 982 2105 Ec-

207 2124 310 2155 clesiae
326 2125 486 2165 militanti,
504 2128 595 2166 eujus
609 2127 760 2157 membris
777 2127 878 2158 multa
892 2128 985 2158 bene-

207 2177 278 2207 ficia
292 2178 463 2218 impetrant
476 2179 571 2209 beati.
593 2179 729 2210 Prosunt
744 2182 851 2210 autem
867 2190 981 2212 secun-

207 2231 285 2261 dum
307 2232 411 2271 magis
436 2233 467 2262 et
488 2233 614 2271 minus,
641 2233 693 2263 vel
718 2242 776 2272 pro
800 2233 983 2265 diversitate

207 2284 397 2315 meritorum
426 2285 460 2316 in
486 2286 639 2324 mortuis,
671 2286 722 2317 vel
751 2295 809 2326 pro
833 2286 984 2318 charitate

208 2337 369 2376 vivorum,
387 2347 460 2378 quae
476 2339 582 2377 magis
597 2338 783 2369 sollicitatur
798 2348 856 2378 pro
872 2339 985 2379 aliqui-

209 2390 279 2428 bus,
295 2401 393 2431 quam
406 2401 464 2431 pro
474 2392 545 2422 aliis
553 2403 561 2430 3
574 2394 604 2423 et
616 2392 687 2430 hoc,
702 2392 752 2423 vel
764 2392 803 2422 ad
816 2401 984 2432 poenarum

210 2443 461 2483 mitigationem,
481 2445 533 2476 vel
549 2445 732 2476 celeriorem
751 2445 981 2484 liberationem,

210 2497 384 2528 secundum
406 2498 492 2538 quod
516 2508 663 2538 supernae
685 2499 894 2538 providentiae
920 2499 983 2529 dis-

210 2551 351 2589 pensatio
367 2552 480 2583 melius
495 2552 540 2583 eis
555 2552 669 2584 viderit
683 2553 841 2592 expedire.

251 2602 339 2634 Ratio
358 2606 464 2636 autem
485 2605 524 2636 ad
548 2605 793 2644 intelligentiam
817 2606 985 2646 praedicto-

211 2665 284 2687 rum
297 2657 365 2687 haec
375 2660 436 2688 est:
452 2660 603 2697 quoniam
620 2660 760 2699 primum
775 2670 805 2699 pi
816 2659 984 2699 incipium,‘

1748 186 1807 216 333

1029 260 1103 283 cum
1118 252 1159 283 sit
1175 251 1348 292 optimum,
1366 261 1402 283 uc
1417 261 1474 293 per
1491 252 1551 284 hoc
1564 261 1701 284 summae
1715 261 1807 285 seve-

1029 305 1130 336 ritatis
1145 307 1255 336 contra
1271 304 1391 336 malum
1403 329 1410 343 ,
1427 305 1520 337 debet
1539 306 1655 346 pariter
1669 314 1807 337 summae

1030 358 1195 390 suavitatis
1210 367 1277 389 esse
1294 358 1333 389 ad
1348 358 1467 389 bonum
1481 369 1489 390 z
1512 361 1544 390 et
1557 359 1627 390 ideo
1648 368 1734 396 cum,
1752 368 1807 390 ra-

1030 412 1116 443 tione
1133 412 1310 443 severitatis
1322 412 1475 452 Justitiae,
1489 413 1567 452 justi
1583 413 1616 443 in
1630 413 1747 453 quibus
1762 415 1809 444 est

1031 468 1138 496 reatus
1163 465 1265 505 culpae
1288 465 1423 496 debeant
1451 468 1521 505 post
1547 466 1629 497 hanc
1653 466 1751 498 vitam
1775 466 1808 496 in

1033 519 1218 558 purgatorio
1227 518 1431 556 tormentari;
1442 519 1556 550 debent
1567 520 1675 558 etiam,
1687 519 1809 550 ratione

1032 572 1198 603 suavitatis
1214 571 1456 611 misericordiae,
1473 572 1623 612 relevari,
1639 575 1671 603 et
1692 573 1810 604 habere

1033 625 1190 656 auxillum
1218 628 1249 656 et
1278 625 1444 656 munimen
1460 635 1467 662 ;
1500 626 1640 657 maxime
1670 626 1746 666 quia
1776 626 1810 656 in

1033 679 1161 710 miseria
1179 681 1253 710 sunt
1271 678 1454 716 constituti,
1477 681 1508 708 et
1529 679 1596 709 >uis
1615 679 1765 719 operibus
1779 681 1810 709 et

1033 734 1154 764 meritis
1182 743 1246 764 non
1274 734 1408 773 possunt
1434 733 1571 773 amplius
1601 742 1634 764 se
1658 735 1774 773 ¹juvare
1801 744 1806 764 :

1033 787 1199 827 disponere
1234 787 1336 826 igitur
1367 786 1476 817 debuit
1511 787 1658 826 regimen
1692 787 1810 818 divinae

1033 840 1240 880 providentiae
1263 839 1420 879 suffragia
1446 840 1491 870 eis
1518 840 1654 871 conferri
1678 841 1717 871 ab
1743 841 1807 879 eis,

1033 894 1089 934 qui
1106 896 1256 934 possunt,
1274 893 1360 924 salva
1381 896 1488 924 tamen
1508 894 1697 925 rectitudine
1713 895 1808 934 justi-

1033 947 1107 985 tiae,
1134 957 1152 978 a
1175 957 1239 987 qua
1268 956 1325 977 nec
1354 946 1446 978 debet
1470 956 1529 978 nec
1553 950 1654 987 potest
1678 948 1809 980 dulcedo

1034 999 1258 1031 misericordiae
1273 1000 1455 1038 dissentire,
1472 1009 1531 1031 nec
1547 1000 1746 1041 aliquatenus
1759 1011 1808 1033 se—

1034 1054 1150 1094 parari.
1180 1054 1337 1091 Quoniam
1366 1055 1468 1093 igitur
1498 1055 1653 1087 rectitudo
1675 1056 1809 1096 justitiae

1034 1106 1134 1146 exigit
1149 1106 1423 1138 conservationem
1440 1107 1573 1138 honoris
1588 1108 1705 1149 divini,
1722 1110 1811 1150 regi-

1035 1160 1130 1190 minis
1145 1160 1299 1197 universi,
1316 1162 1347 1191 et
1360 1160 1519 1200 qualitatis
1537 1161 1642 1192 meriti
1656 1161 1808 1201 humani;

1035 1214 1105 1244 ideo
1120 1214 1250 1254 superni
1274 1215 1305 1244 et
1326 1213 1419 1253 primi
1440 1214 1588 1254 principii
1611 1215 1811 1255 providentia

1034 1276 1162 1298 summa
1180 1267 1349 1307 disposuit,
1371 1267 1440 1297 baec
1454 1268 1610 1308 suffragia
1632 1270 1739 1300 valere
1756 1270 1812 1301 de-

1034 1321 1151 1352 functis
1166 1320 1342 1351 secundum
1357 1320 1557 1352 dulcedinem
1572 1323 1809 1362 misericordiae,

1035 1376 1065 1404 et
1083 1374 1307 1404 rectitudinem
1324 1374 1474 1414 Jusiitiae‚
1501 1377 1657 1407 servantis
1681 1378 1811 1408 honoris

1036 1427 1136 1459 divini
1150 1427 1357 1467 dignitatem,
1374 1428 1517 1459 universi
1532 1429 1690 1468 regimen,
1707 1432 1737 1460 et
1752 1431 1811 1461 hu-

1037 1482 1122 1511 mani
1141 1481 1245 1512 meriti
1260 1481 1456 1521 qualitatem.

1077 1534 1185 1565 Primo
1200 1535 1317 1573 igitur,
1333 1535 1487 1574 quoniam
1503 1535 1536 1566 in
1551 1536 1737 1575 hujusmodi
1749 1538 1812 1567 sus-

1036 1588 1147 1627 fragiis
1174 1588 1295 1618 servari
1324 1588 1416 1619 debet
1439 1590 1452 1628 j
1459 1589 1563 1619 ustitia
1572 1613 1582 1628 ,
1611 1598 1684 1629 quae
1713 1590 1812 1621 divini

1037 1642 1196 1682 praecipue
1210 1643 1258 1672 est
1272 1642 1491 1673 conservativa
1506 1642 1652 1680 lionor15;
1665 1645 1696 1673 et
1710 1643 1813 1674 honor

1037 1695 1165 1727 divinus
1190 1695 1399 1726 nibilominus
1428 1695 1530 1734 exigit
1553 1704 1648 1736 opera
1674 1696 1812 1727 satisfac-

1039 1749 1117 1780 toria
1141 1751 1171 1779 et
1195 1748 1332 1788 poenalia
1357 1748 1417 1779 sibi
1440 1749 1578 1788 persolvi
1602 1759 1660 1789 pro
1685 1750 1784 1790 culpis
1804 1761 1811 1780 ι

1037 1803 1112 1833 hinc
1125 1805 1181 1841 est,
1194 1803 1278 1842 quod
1292 1812 1347 1842 per
1360 1802 1414 1833 illa
1423 1811 1519 1842 opera
1530 1803 1648 1833 habent
1658 1804 1814 1843 suffragia

1038 1856 1105 1886 fieri
1119 1880 1127 1894 ,
1153 1865 1208 1896 per
1232 1864 1304 1895 quae
1333 1856 1496 1895 potissime
1518 1857 1554 1886 fit
1575 1857 1762 1895 satisfactio,
1784 1859 1815 1887 et

1038 1909 1141 1939 honor
1158 1910 1417 1948 recompensatur
1441 1909 1515 1939 Deo.
1539 1908 1696 1946 Quoniam
1715 1910 1815 1949 igitur

1039 1962 1224 2002 hujusmodi
1252 1964 1327 1992 sunt
1354 1964 1419 1992 tres
1444 1965 1548 2002 partes
1576 1963 1813 2001 satisfactionis,

1035 2016 1198 2056 jejunium
1210 2040 1218 2055 ,
1234 2016 1334 2047 oratio
1345 2040 1354 2054 ,
1372 2018 1402 2046 et
1420 2016 1640 2056 eleemosyna,
1661 2019 1692 2047 et
1708 2017 1816 2048 altaris

1039 2069 1248 2108 sacrificium,
1265 2069 1298 2099 in
1317 2078 1381 2109 quo
1397 2069 1537 2100 maxime
1556 2070 1698 2101 redditur
1712 2070 1816 2101 honor

1039 2124 1163 2154 debitus
1177 2126 1305 2163 propter
1320 2122 1510 2162 placentiam
1526 2123 1628 2162 illius,
1647 2124 1702 2164 qui
1718 2124 1750 2154 in
1765 2134 1816 2155 sa-

1041 2177 1157 2208 crificio
1172 2177 1226 2207 illo
1245 2176 1395 2214 offertur-3
1413 2176 1488 2206 hine
1503 2179 1548 2207 est
1563 2177 1645 2216 quod
1661 2177 1816 2216 suffragia

1040 2230 1188 2260 Ecclesiae
1209 2229 1385 2260 consistunt
1406 2230 1438 2260 in
1459 2230 1644 2269 huJusmodi
1667 2231 1817 2270 operibus

1041 2282 1272 2320 satisfactoriis,
1289 2285 1320 2312 et
1336 2283 1475 2313 maxime
1494 2283 1528 2313 in
1544 2283 1645 2314 Missis
1660 2284 1817 2315 celebran-

1041 2336 1106 2374 dis,
1123 2336 1298 2367 secundum
1323 2336 1407 2375 quod
1427 2335 1601 2375 Gregorius
1624 2337 1657 2367 in
1678 2337 1818 2378 Dialogis

1041 2390 1180 2420 insinuat
1202 2393 1209 2408 ¹
1233 2389 1371 2428 aliquos,
1393 2392 1521 2429 propter
1535 2389 1703 2421 Missurum
1726 2391 1818 2427 benef

1041 2443 1132 2481 ficia,
1149 2443 1187 2473 de
1202 2443 1303 2482 poenis
1324 2443 1451 2481 magnis
1472 2444 1635 2474 celerrime
1656 2444 1815 2475 liberatos.

1042 2497 1079 2527 Et
1096 2506 1150 2536 per
1164 2497 1224 2527 boc
1238 2495 1355 2536 pomp-⁷3.
1373 2497 1599 2536 exequiarum,
1615 2500 1645 2528 et
1659 2499 1816 2529 accuratio

1041 2550 1170 2588 funeris,
1189 2551 1220 2579 et
1240 2549 1426 2589 hujusmodi
1442 2559 1506 2580 non
1527 2550 1641 2581 debent
1657 2551 1739 2582 inter
1754 2551 1817 2581 sus-

1041 2603 1146 2643 fragia
1160 2603 1306 2633 Ecclesiae
1326 2604 1503 2642 computari
1518 2615 1523 2634 :
1546 2607 1672 2644 propter
1687 2606 1771 2644 quod
1787 2607 1816 2635 et

1075 2667 1079 2680 ¹
1094 2667 1181 2695 (meg,
1200 2664 1310 2695 merloy„
1325 2664 1367 2688 lib.
1387 2665 1429 2695 lV,
1447 2672 1469 2690 c.
1485 2672 1525 2690 LV.

1822 262 1861 283 P¹⁸⁰
1871 267 1927 281 mor-

1822 293 1874 314 iuis.

1870 1928 1935 1948 Satis-

1829 1959 1930 1980 factionis

1829 1992 1910 2017 partes.
