2003 3037
197 241 256 271 264

196 306 313 344 raudo,
330 303 511 346 officiositas
522 304 558 336 in
571 303 799 342 ministrando,
814 303 978 344 perspica-

196 360 274 391 citas
289 358 323 390 in
337 357 576 398 cognoscendo,
596 359 628 389 et
641 356 886 388 immutabilitas
906 357 977 397 post

196 412 395 450 electionem,
410 411 526 444 sivein
543 411 640 452 bono,
654 411 723 443 sive
737 411 771 442 in
787 410 882 442 malo.

237 466 328 498 Ratio
347 469 457 498 autem
474 466 515 498 ad
537 466 784 506 intelligentiam
803 463 976 505 praedieto-

196 530 271 552 rum
284 520 355 552 haec
369 522 434 552 est:
449 520 527 561 quia
537 520 679 562 primum
694 519 900 560 principium,
916 517 978 549 hoc

197 575 267 616 ipso
290 565 377 615 quod
398 574 558 615 primum,
582 574 692 606 omnia
712 573 752 604 de
775 572 876 604 nihilo
898 581 976 612 pro-

196 628 312 660 duxit:
336 628 408 660 ideo
436 637 500 659 non
524 630 650 660 tantum
674 635 772 668 prope
799 625 896 665 nihil,
922 626 977 657 sed

197 683 294 714 etiam
313 692 410 724 prope
429 691 477 722 se;
499 691 567 714 non
587 683 713 713 tantum
731 680 944 712 substantiam
958 689 977 710 a

196 746 230 768 se
243 736 456 778 longinquam
465 760 476 776 ,
492 735 609 768 scilicet
624 737 774 766 naturam
789 743 976 775 corpoream

195 791 370 832 producere
403 790 531 828 debuit,
567 798 680 821 verum
715 789 811 820 etiam
843 788 974 829 propin-

195 853 293 885 quam
307 855 314 875 ι
331 846 363 875 et
376 844 447 876 haec
459 845 505 875 est
517 843 696 874 substantia
708 841 932 873 intellectualis
945 843 978 872 et

195 898 396 939 incorporea,
421 906 496 939 quae
518 897 579 928 hoc
599 897 679 938 ipso,
696 895 781 937 quod
803 895 864 927 Deo
879 895 977 926 simil-

195 951 273 983 lima
285 953 342 991 est,
354 951 587 992 simplicitatem
604 951 701 982 habet
715 952 854 988 naturae,
871 952 903 980 et
917 949 976 980 dis-

195 1007 369 1038 cretionem
390 1005 609 1046 personalem,
635 1007 671 1035 ut
694 1004 757 1036 Deo
781 1003 976 1034 assimiletur

196 1069 235 1091 ex
261 1062 348 1101 parte
371 1059 574 1097 substantiae,
601 1058 668 1089 sive
690 1058 886 1096 communis,
907 1057 976 1088 sive

197 1114 384 1145 individuae.
399 1113 500 1144 Habet
516 1112 612 1143 etiam
628 1112 658 1142 in
678 1114 783 1143 mente
798 1112 976 1151 imaginem

196 1167 360 1200 Trinitatis
376 1167 554 1198 secundum
570 1166 776 1204 memoriam,
796 1165 977 1205 intelligen-

196 1223 285 1261 tiam,
302 1221 556 1254 etvoluntatem.
574 1220 675 1252 Habet
689 1220 786 1251 etiam
801 1219 976 1250 voluntatis

196 1276 390 1314 libertatem,
413 1278 449 1306 ut
466 1274 662 1306 assimiletur
676 1273 739 1305 Deo
754 1282 795 1304 ex
812 1275 901 1313 parte
917 1282 976 1313 po-

198 1330 322 1368 tentiae,
339 1329 407 1360 sive
427 1328 599 1366 naturalis,
620 1328 686 1358 sive
702 1327 862 1364 electivae;
882 1329 918 1357 nt
932 1327 977 1357 sic

198 1383 337 1425 potentia
353 1383 505 1414 naturalis
521 1382 675 1421 insignita
689 1382 727 1413 sit
745 1382 799 1412 Dei
820 1381 974 1421 imagine,

197 1438 330 1469 electiva
355 1446 429 1468 vero
449 1437 573 1467 arbitrii
595 1436 748 1466 libertate.
768 1434 976 1475 Nequaquam

198 1492 284 1522 enim
299 1491 477 1532 perveniret
492 1490 652 1520 meritorie
665 1489 703 1519 ad
721 1489 891 1529 praemium
909 1488 978 1528 glo-

199 1546 335 1583 riosum,
353 1545 438 1585 qnod
456 1544 526 1575 facit
542 1553 739 1585 qnemqrnun
754 1543 901 1580 beatum,
919 1542 977 1573 nisi

200 1599 330 1630 baberet
352 1599 488 1629 liberum
511 1598 682 1629 voluntatis
705 1597 891 1628 arbitrium:
921 1596 979 1627 hoc

200 1655 308 1684 autem
328 1663 395 1684 esse
410 1663 472 1683 non
490 1654 589 1692 potest
608 1652 666 1682 nisi
685 1652 715 1681 in
732 1651 909 1681 substantia
926 1660 978 1680 ru-

200 1708 328 1745 tionali,
351 1717 447 1747 quani
472 1707 641 1736 couniatur
665 1705 837 1742 memoria,
862 1704 978 1735 intelli-

203 1761 311 1801 gentia
339 1763 369 1790 et
399 1760 555 1791 voluntas.
582 1759 639 1790 Ubi
668 1762 774 1789 autent
805 1762 850 1789 cst
881 1759 978 1796 ratio,

201 1817 325 1855 oportet
340 1814 424 1854 quot]
442 1814 479 1843 sit
492 1813 655 1844 rationalis
667 1816 790 1843 naturai
803 1813 981 1843 substantia

202 1869 376 1900 individua.
400 1867 532 1899 Necesse
548 1870 590 1897 est
613 1870 706 1897 etiam
730 1867 813 1907 quod
833 1867 871 1897 sit
888 1867 981 1897 snbs-

202 1923 301 1954 tantia
323 1921 495 1963 spiritualis
518 1924 544 1951 et
573 1921 772 1961 incorporea,
795 1930 831 1952 ae
853 1931 908 1960 per
924 1921 981 1951 hoc

203 1977 350 2017 simplex,
363 1985 473 2006 carens
486 1975 573 2005 omni
587 1975 742 2005 divisione
756 1975 980 2015 quantitatixa.

203 2030 287 2061 'l'alis
303 2033 409 2060 autem
426 2029 617 2066 substantia,
635 2028 695 2058 hoc
712 2028 780 2067 ipso
801 2029 885 2068 quod
906 2029 982 2058 sim-

204 2085 278 2125 plex
296 2086 353 2122 est,
370 2083 511 2114 virtuosa
527 2084 573 2112 est
592 2082 625 2111 in
641 2082 818 2121 operautl03
840 2082 900 2112 hoc
918 2082 984 2121 ipso

205 2138 290 2179 quod
312 2138 453 2169 virtuosa
479 2139 525 2166 est
550 2138 579 2166 et
604 2136 810 2175 personaliter
834 2135 983 2174 discreta,

206 2191 355 2232 competit
370 2192 398 2221 ei
414 2190 573 2221 distinctio
591 2190 685 2219 officii
705 2190 736 2219 in
757 2189 982 2228 n1i11ist1·and0;

207 2247 267 2277 hoc
288 2246 371 2286 ipso,
398 2244 481 2285 quod
505 2243 640 2284 simplex
662 2246 691 2274 et
716 2244 872 2281 virtuosa,
899 2253 984 2274 com-

208 2300 283 2341 petit
308 2300 335 2330 ei
367 2299 586 2339 perspIcacitas
614 2298 646 2328 iu
674 2297 896 2335 discernendtg
928 2298 986 2327 hoc

210 2356 277 2394 ipso
299 2356 422 2390 autem,
444 2353 528 2393 qnod
545 2352 710 2392 perspicax
726 2354 755 2381 et
772 2352 906 2391 simplex
923 2354 984 2389 est,

208 2408 326 2438 habens
342 2407 535 2437 intellectum
552 2406 755 2438 deiformem,
778 2406 846 2435 ideo
867 2405 987 2435 stabili-

208 2465 305 2494 tatem
321 2463 417 2492 liabet-
439 2464 504 2501 post
525 2460 711 2491 electionem
735 2460 766 2489 in
782 2459 899 2496 electo,
920 2460 987 2489 sive

208 2517 239 2547 in
256 2517 351 2554 bono,
368 2516 435 2546 sive.
454 2516 484 2545 in
499 2515 592 2546 malo.
615 2514 651 2544 Et
667 2514 717 2544 11ae
732 2513 928 2543 conditiones
944 2513 986 2551 ip-

207 2579 276 2601 sam
305 2569 487 2609 generalem
524 2568 737 2598 conditionem
774 2576 984 2607 supernorum

207 2625 379 2666 spirituum
398 2622 589 2662 generaliter
604 2621 807 2653 comitantur.

784 233 1036 273 BREVILOQUll
1060 233 1164 266 PARS
1185 233 1225 266 11.

1299 349 1442 385 CAPUT
1464 349 1541 384 vn.
1700 350 1713 356 ⁷·
1732 334 1738 346 ”
1756 342 1783 402 *¹2

1230 437 1269 464 De
1285 437 1428 472 apostasia
1446 436 1614 463 Doemomam.

1064 515 1118 548 -De
1136 516 1294 558 apostasia
1311 525 1389 549 vero
1410 516 1599 548 daemonum
1619 515 1681 547 hoc
1699 515 1751 555 est,
1766 516 1814 546 te-

1033 569 1192 609 nendum,
1209 569 1328 602 scilicet
1346 570 1432 611 quod
1449 567 1532 602 Deus
1551 569 1684 609 angelos
1703 577 1815 600 omnes

1033 624 1105 656 fecit
1127 625 1244 664 bonos,
1269 626 1377 656 tamen
1399 623 1524 656 medios
1542 623 1626 654 inter
1645 630 1814 654 summum

1033 678 1172 717 bonum,
1197 680 1228 710 et
1250 677 1478 710 commutabile
1506 677 1629 708 bonum
1654 675 1739 717 quod
1765 676 1814 708 est

1033 734 1177 764 creatum
1199 743 1206 764 :
1238 731 1281 763 ita
1310 731 1397 772 quod
1424 731 1452 762 si
1484 732 1747 767 converterentur
1773 730 1814 762 ad

1032 785 1208 817 amandum
1234 785 1320 826 quod
1343 787 1391 816 est
1419 793 1534 826 supra,
1555 783 1760 816 ascenderent
1774 783 1814 815 ad

1033 842 1152 872 statum
1168 840 1282 880 gratiae
1298 842 1329 871 et
1348 839 1478 880 gloriae;
1501 839 1527 870 si
1546 847 1624 870 vero
1638 837 1678 870 ad
1695 838 1813 870 bouum

1033 895 1276 934 commutabile,
1294 894 1379 935 quod
1395 895 1443 926 est
1458 894 1558 932 infra,
1579 893 1641 926 hoc
1655 893 1724 934 ipso
1738 901 1814 925 rue-

1033 952 1101 980 rent
1127 949 1160 980 in
1183 949 1305 980 malum
1321 948 1424 989 culpae
1446 950 1478 979 et
1500 955 1627 988 poenae:
1653 947 1731 988 quia
1748 956 1813 979 non

1033 1006 1080 1034 est
1093 1003 1228 1034 dedecus
1242 1001 1360 1043 peccati
1376 1002 1446 1033 sine
1459 1001 1571 1033 decore
1585 1000 1731 1041 justitiae.
1751 999 1815 1032 Pri-

1033 1066 1106 1087 mus
1128 1058 1236 1087 autem
1257 1055 1382 1087 Lucifer
1405 1055 1488 1087 inter
1513 1054 1665 1095 angelos,
1689 1064 1812 1095 praesu-

1034 1119 1124 1141 mens
1139 1110 1177 1141 de
1192 1110 1318 1150 privato
1333 1109 1428 1147 bono,
1440 1108 1598 1150 privatam
1613 1108 1744 1149 appetiit
1758 1118 1812 1140 ex·

1032 1165 1227 1203 cellantiam,
1249 1164 1359 1196 volens
1380 1163 1450 1195 aliis
1472 1162 1661 1204 superferri,
1685 1164 1716 1194 et
1739 1162 1811 1194 ideo

1033 1219 1143 1250 cecidit
1157 1227 1233 1249 cum
1245 1217 1369 1249 caeteris
1383 1216 1656 1248 consentientibus
1670 1215 1742 1247 sihi.
1760 1215 1814 1248 Ca-

1033 1273 1111 1304 dens
1129 1275 1238 1304 autem
1259 1273 1359 1303 sactus
1373 1273 1419 1303 est
1442 1271 1662 1312 impoenitens,
1677 1270 1815 1302 obstina-

1034 1330 1096 1365 tus,
1112 1329 1144 1358 et
1157 1329 1347 1364 excaecatus,
1365 1328 1395 1356 et
1410 1324 1559 1356 exclusus
1573 1333 1592 1355 a
1608 1323 1662 1355 Dei
1677 1326 1816 1356 contem-

1034 1381 1189 1422 platione,
1207 1382 1238 1411 et
1258 1379 1462 1411 deordinatus
1481 1379 1514 1409 in
1533 1378 1731 1419 operatione,
1751 1379 1815 1410 toto

1035 1436 1139 1465 nitens
1149 1434 1316 1465 conamine
1327 1433 1365 1463 ad
1377 1432 1631 1463 subvertendum
1647 1431 1814 1463 hominem

1036 1499 1091 1529 per
1107 1488 1314 1519 tentationem
1335 1486 1556 1527 multiplicem.

1077 1542 1166 1573 Ratio
1185 1544 1293 1573 autem
1314 1542 1352 1571 ad
1379 1540 1627 1580 intelligentiam
1648 1539 1817 1579 praedicto-

1037 1607 1109 1628 rum
1122 1597 1191 1627 hau:
1202 1599 1267 1627 cst:
1286 1595 1361 1635 quia
1377 1603 1452 1625 cum
1467 1594 1608 1634 primum
1622 1593 1815 1634 principium

1036 1653 1075 1682 sit
1090 1660 1215 1681 summe
1237 1650 1374 1687 bonum,
1396 1648 1476 1679 nihil
1499 1648 1571 1679 facit
1590 1647 1651 1678 nisi
1675 1646 1759 1687 qnod
1777 1647 1818 1678 sit

1036 1706 1168 1742 bonum,
1193 1704 1268 1743 quia
1289 1713 1307 1733 a
1328 1703 1412 1733 bono
1436 1711 1499 1732 non
1520 1700 1660 1742 procedit
1680 1700 1741 1731 nisi
1763 1701 1816 1732 ho-

1037 1769 1115 1789 nuni
1133 1770 1138 1788 :
1158 1758 1241 1798 qnod
1258 1760 1364 1788 tamen
1386 1757 1421 1787 sit
1436 1756 1475 1786 ab
1493 1756 1576 1796 ipso,
1595 1755 1654 1785 hoc
1669 1754 1738 1794 ipso
1753 1754 1816 1785 mi-

1037 1823 1098 1844 nus
1110 1816 1156 1843 est
1171 1822 1219 1850 en,
1234 1815 1263 1842 et
1278 1812 1346 1842 ideo
1363 1820 1427 1841 non
1446 1811 1547 1850 potest
1562 1817 1630 1839 esse
1650 1817 1815 1839 summum

1038 1869 1170 1899 bonum.
1193 1867 1260 1897 t‘uit
1286 1866 1386 1905 igitur
1406 1864 1543 1903 angelus
1557 1873 1575 1893 a
1590 1862 1652 1893 Deo
1669 1862 1817 1893 conditus

1041 1923 1144 1953 bonus
1157 1921 1299 1961 quidem,
1317 1920 1369 1950 sed
1384 1929 1446 1950 non
1463 1926 1629 1954 summus3
1648 1915 1816 1957 perficien-

1039 1976 1098 2006 dus
1119 1978 1237 2011 tannen,
1253 1975 1280 2004 si
1297 1974 1411 2013 affectu
1429 1972 1571 2003 tenderet
1590 1971 1624 2001 in
1639 1978 1819 2001 summum.

1040 2029 1076 2059 Et
1101 2029 1252 2068 quoniam
1275 2036 1329 2067 per
1355 2027 1491 2057 liberum
1515 2024 1685 2055 arbitrium
1704 2022 1822 2054 volun-

1040 2083 1113 2113 tatis
1138 2084 1259 2122 poterat
1284 2080 1411 2111 tendere
1436 2079 1469 2110 in
1492 2079 1613 2109 bonum
1635 2085 1819 2113 summum,

1041 2136 1092 2167 vel
1117 2135 1257 2165 converti
1286 2134 1324 2164 ad
1350 2133 1471 2164 bonum
1493 2131 1672 2172 privatum;
1696 2129 1823 2161 Lucifer

1041 2199 1107 2221 snce
1134 2187 1381 2229 pulchritudinis
1401 2189 1431 2217 et
1452 2184 1628 2217 altitudinis
1647 2183 1824 2215 considera-

1043 2244 1127 2274 tione
1151 2242 1306 2273 excitatus
1330 2240 1369 2271 ad
1390 2250 1422 2271 se
1444 2238 1647 2279 diligendum
1673 2239 1704 2267 et
1726 2245 1821 2268 suum

1042 2297 1204 2337 privatum
1225 2295 1364 2331 bonnm,
1382 2292 1585 2333 praesumpsit
1604 2291 1642 2321 de
1657 2289 1824 2321 altitudine

1043 2351 1167 2385 habita,
1190 2351 1219 2379 ct
1241 2347 1377 2379 ambivit
1401 2345 1620 2377 excellentiam
1642 2343 1822 2384 propriam,

1044 2414 1107 2435 non
1132 2406 1237 2433 tamen
1263 2402 1451 2431 obtentam:
1475 2408 1511 2430 ac
1538 2407 1592 2438 per
1618 2398 1677 2428 hoc
1696 2405 1822 2436 praesu—

1044 2457 1159 2488 mendo
1185 2455 1347 2487 constituit
1377 2463 1410 2483 se
1437 2453 1496 2482 sibi
1520 2450 1714 2492 principium
1737 2458 1823 2481 sum-

1044 2520 1148 2548 mum;
1176 2510 1207 2540 in
1230 2518 1262 2539 se
1289 2509 1357 2547 ipso
1384 2504 1553 2545 gloriando
1579 2507 1609 2534 et
1634 2503 1818 2541 ambiendo,

1043 2563 1206 2595 coustituit
1221 2572 1252 2593 se
1268 2561 1327 2591 sibi
1341 2567 1506 2590 summum
1522 2558 1655 2595 honum,
1668 2557 1701 2587 iu
1717 2558 1821 2597 seipso

1043 2617 1244 2658 quiescendo.
1263 2615 1340 2646 Cum
1354 2616 1461 2644 autem
1475 2612 1541 2651 ipse
1556 2620 1620 2641 uon
1635 2613 1719 2641 esset
1737 2620 1821 2641 sum-

1044 2681 1134 2702 mum
1162 2669 1373 2710 principium,
1398 2675 1456 2696 nec
1485 2673 1651 2696 summum
1680 2664 1818 2699 bonum;

1043 2733 1167 2756 necesse
1186 2723 1243 2754 fuit
1264 2724 1299 2752 ut
1319 2720 1497 2751 inordinato
1517 2727 1648 2749 ascensu
1668 2718 1816 2758 appetito,

1853 523 1912 546 Dan·

1847 554 1924 582 quale·

1842 586 1923 608 creuit

1831 617 1931 647 angelo«.

1839 1007 1924 1029 Lucifer

1847 1038 1928 1066 primus

1828 1070 1885 1091 inter
1898 1075 1933 1091 un-

1853 1101 1915 1129 gelos

1833 1133 1928 1160 peccavit

1835 1166 1857 1186 et
1866 1164 1921 1185 ceci-

1859 1195 1898 1219 dit,
