2003 3037
108 1163 184 1182 Sacra—

95 1194 169 1214 menta

82 1229 175 1251 quomo-

85 1255 112 1275 do
122 1260 175 1275 vasa

78 1290 99 1310 et
118 1292 184 1308 cauea

78 1319 162 1347 gratiae.

178 163 238 194 312

179 227 411 271 praeparantia,
426 234 484 268 per
505 234 605 267 quam
625 227 794 258 curaretur
808 227 840 258 et
860 234 956 257 sana-

180 281 271 314 retur
284 279 394 311 anima
410 279 531 310 nostra.
555 277 694 316 Rursus,
715 277 868 318 quoniam
883 286 957 317 gran

181 335 226 366 tia
241 332 386 365 curativa
405 340 473 363 non
494 331 588 363 datur
610 330 718 371 elatis,
733 330 907 363 incredulis
928 333 961 362 et

181 386 370 424 fastidiosis;
387 385 459 417 ideo
481 384 624 425 oportuit
645 384 716 416 haec
738 385 835 424 signa
858 384 958 416 sensi-

183 439 260 472 bilia
272 439 426 473 divinitus
438 438 528 477 dari,
543 446 618 479 quae
635 446 702 469 non
717 437 823 469 solum
842 436 961 469 sancti-

184 494 334 533 ficarent,
350 494 382 525 et
395 492 537 533 gratiam
557 492 756 531 conferrent,
772 500 809 523 ac
829 500 886 532 per
900 491 963 522 hoc

185 550 349 587 sanarent,
365 555 481 579 verum
495 546 592 578 etiam
605 544 841 586 significatione
854 543 961 576 erudi-

185 604 276 642 rent,
291 603 324 634 et
339 600 538 642 susceptione
555 599 784 637 humiliarent,
804 600 836 630 et
855 597 964 630 diver-

188 655 364 690 sificatione
377 654 590 687 exercitarent
605 665 612 685 ι
630 655 666 685 ut
681 653 726 684 sic
740 661 798 694 per
811 651 966 683 exercita-

188 711 310 743 tionem
328 709 458 741 exclusa
479 707 580 740 acidia
600 717 619 738 a
639 705 894 747 concupiscibili,
910 714 967 745 per

190 764 403 797 eruditionem
417 762 546 794 exclusa
566 761 750 802 ignorantia
763 769 783 792 a
796 758 966 797 rationali,

190 827 247 860 per
262 816 521 850 humiliationem
536 815 669 847 exclusa
679 813 831 855 superbia
838 812 968 844 abiras-

191 872 290 911 cibili,
303 873 371 904 tota
378 871 487 903 anima
497 869 647 902 curabilis
654 870 746 901 fieret
756 878 775 900 a
785 868 891 908 gratia
901 866 970 908 Spi-

192 927 273 959 ritus
291 925 413 964 sancti,
437 933 511 966 quae
537 924 690 955 reformat
711 931 769 954 nos
791 921 971 953 secundum

193 980 252 1012 has
272 981 337 1011 tres
358 979 529 1020 potentias,
553 977 593 1009 ad
616 977 792 1016 imaginem
807 975 972 1006 Trinitatis

194 1037 226 1066 et
248 1033 376 1066 Christi.
401 1032 583 1071 Postremo,
601 1030 754 1072 quoniam
776 1039 833 1071 per
854 1029 971 1070 hujus-

195 1087 282 1120 modi
308 1087 402 1127 signa
428 1086 591 1118 sensibilia
619 1085 774 1117 divinitus
800 1084 946 1115 instituta
961 1106 971 1121 ‚

197 1141 301 1182 gratia
322 1139 459 1181 Spiritus
483 1138 584 1170 sancti
610 1138 799 1178 suscipitur,
823 1138 854 1168 et
877 1136 909 1166 in
929 1135 974 1166 eis

198 1195 238 1226 ab
259 1194 482 1226 accedentibus
504 1192 688 1230 iuvenitur;
710 1190 784 1222 hine
804 1192 868 1228 est,
889 1189 974 1230 quod

199 1248 384 1291 huiusmodi
398 1249 596 1279 sacramenta
609 1246 762 1277 dicuntur
775 1244 890 1285 gratiae
899 1252 977 1276 vasa

200 1305 232 1335 et
245 1311 357 1341 causa,
371 1310 436 1333 non
455 1300 531 1342 quia
546 1299 652 1340 gratia
666 1299 698 1329 in
713 1299 760 1330 eis
782 1297 976 1329 substantia-

754 156 1007 196 BREVILOQUH
1030 156 1132 190 PARS
1153 157 1206 190 vt.

1015 227 1125 258 sancta
1141 237 1149 258 ε
1164 225 1242 268 quia
1254 235 1344 258 sacra
1361 225 1547 266 significant
1562 227 1713 268 mysteria
1722 251 1732 266 ‚
1749 227 1790 260 ad

1015 288 1106 312 sacra
1119 281 1301 322 praeparant
1315 279 1524 319 charismata,
1539 289 1560 311 a
1578 280 1791 314 sacratissimo

1017 329 1080 362 Deo
1096 331 1189 370 data,
1205 339 1296 363 sacra
1310 330 1510 362 institutione
1527 331 1560 362 et
1573 331 1792 364 benedictione

1017 384 1172 416 divinitus
1191 387 1390 423 consecrata,
1406 384 1446 416 ad
1469 384 1593 416 cultum
1615 385 1791 422 sacratissi-

1019 447 1110 470 mum
1135 437 1187 470 Dei
1211 438 1246 469 in
1268 447 1358 470 sacra
1380 437 1518 470 Ecclesia
1541 437 1734 478 constituta,
1757 439 1796 470 ut

1019 491 1133 524 merito
1148 491 1209 524 dici
1223 492 1360 524 debeant
1374 494 1583 524 sacramenta.

1304 601 1446 636 CAPUT
1473 602 1515 635 ΙΙ.

1179 684 1217 710 De
1234 673 1463 711 Sacramentorum
1479 684 1642 711 venatione.

1066 762 1109 793 De
1124 762 1299 794 variatione
1317 764 1433 794 autem·
1447 765 1722 795 sacramentorum
1739 764 1800 795 hoc

1026 817 1199 849 tenendum
1221 820 1286 856 est,
1312 818 1400 859 quod
1422 819 1622 849 sacramenta
1644 818 1684 849 ab
1708 818 1800 849 initio

1026 871 1066 903 ad
1091 871 1289 903 curationem
1318 871 1460 903 hominis
1483 873 1558 902 sunt
1581 871 1744 910 instituta,
1771 873 1802 903 et

1024 934 1153 966 semper
1176 934 1251 956 cuin
1274 925 1387 956 morbo
1409 925 1550 956 hominis
1572 927 1801 962 cucurrerunt,

1028 982 1059 1012 et
1074 989 1176 1020 usque
1193 980 1226 1010 in
1241 980 1338 1010 finem
1354 979 1464 1011 saeculi
1487 978 1706 1020 perdurabunt
1725 990 1731 1010 :
1749 978 1804 1011 sed

1029 1033 1089 1065 alia
1105 1034 1234 1065 fuerunt
1249 1033 1282 1064 in
1305 1033 1377 1073 lege
1399 1035 1544 1071 naturae,
1565 1032 1626 1064 alia
1649 1031 1710 1064 sub
1731 1032 1804 1072 lege

1030 1087 1145 1128 scripta
1156 1111 1165 1125 ,
1181 1087 1243 1118 alia
1255 1087 1313 1117 sub
1328 1086 1399 1126 lege
1419 1086 1545 1126 gratiae.
1564 1085 1599 1116 Et
1619 1086 1653 1117 iu
1669 1086 1720 1117 his
1733 1095 1802 1117 om-

1031 1140 1142 1179 nibus,
1160 1140 1212 1171 illa
1227 1149 1299 1182 quae
1315 1140 1489 1181 posteriora
1508 1141 1583 1171 sunt
1597 1140 1807 1180 significatio-

1031 1203 1095 1233 ne,
1124 1197 1199 1225 suut
1230 1194 1426 1226 evidentiora
1447 1217 1455 1230 ‚
1485 1195 1516 1224 et
1549 1193 1664 1225 effectu
1692 1193 1806 1233 gratiae

1032 1248 1192 1288 digniora.
1227 1248 1261 1278 ln
1293 1247 1367 1287 lege
1400 1247 1486 1278 enim
1520 1249 1644 1278 naturae
1677 1247 1808 1278 fuerunt

1033 1301 1208 1333 oblationes
1225 1325 1232 1339 ‚
1265 1300 1418 1332 sacrificia
1445 1303 1476 1331 et
1503 1300 1737 1332 decimationes.
1772 1300 1808 1332 ln

200 1358 273 1389 liter
292 1356 512 1393 contineatur,
536 1353 587 1385 vel
611 1352 778 1384 causaliter
799 1352 975 1390 efficiatur,

201 1420 275 1443 cum
299 1411 333 1441 in
355 1409 423 1440 sola
442 1408 551 1440 anima
571 1407 686 1438 habeat
711 1406 857 1438 collocari
875 1430 884 1444 ‚
907 1408 937 1437 et
959 1415 979 1437 a

201 1464 268 1496 solo
284 1464 347 1496 Deo
359 1462 476 1494 habeat
490 1461 614 1493 infundi
628 1472 635 1499 ;
653 1460 706 1491 scd
723 1459 798 1501 quia
819 1460 853 1491 in
873 1460 934 1491 illis
949 1462 980 1491 ct

202 1527 258 1559 per
272 1518 326 1549 illa
341 1517 481 1558 gratiam
496 1515 669 1547 curationis
683 1524 701 1545 a
715 1523 842 1545 summo
858 1514 980 1545 medico

1034 1355 1105 1395 lege
1120 1356 1227 1386 autem
1241 1355 1358 1395 scripta
1373 1354 1554 1385 introducta
1572 1356 1620 1385 est
1639 1353 1806 1385 circumci-
1837 1366 1916 1386 sam-

1034 1409 1099 1447 sio,
1113 1411 1143 1439 et
1159 1409 1307 1448 adiuncta
1323 1411 1369 1439 est
1381 1408 1521 1448 expiatio
1534 1432 1542 1446 ‚
1559 1410 1591 1438 ct
1605 1407 1809 1447 superaddita
1823 1397 1933 1453 ξξῗζιιξζ

1035 1464 1081 1493 est
1096 1461 1294 1492 oblationum
1309 1464 1340 1492 et
1357 1461 1606 1492 decimationum
1632 1464 1663 1492 et
1684 1461 1809 1492 sacriti-
1824 1458 1934 1484 ‘³²¹⁵“5st

1845 1492 1880 1515 tm,
1892 1492 1915 1510 et

1036 1515 1158 1546 ciorum
1183 1515 1388 1546 multiformis
1407 1515 1578 1546 distinctio.
1601 1515 1635 1546 ln
1658 1514 1730 1554 lege
1751 1524 1811 1546 au·
1837 1521 1922 1547 gratim-

202 1572 326 1604 Christo
350 1580 391 1603 ex
412 1570 521 1602 divino
543 1569 668 1601 decreto
689 1570 813 1609 oportet
836 1567 978 1606 hauriri,

203 1627 275 1657 licet
290 1625 374 1657 Deus
389 1633 455 1656 non
469 1622 650 1664 alligaverit
665 1631 757 1653 suam
772 1622 911 1661 gratiam
928 1631 980 1653 sa-

203 1680 384 1712 eramentis.

245 1734 292 1766 Ex
311 1733 484 1774 praemissis
500 1732 602 1772 igitur
626 1734 774 1772 apparet,
792 1740 857 1761 non
879 1730 982 1762 solum

206 1789 278 1830 quis
292 1788 332 1819 sit
346 1788 620 1819 sacramentorum
633 1787 739 1822 ortus,
757 1793 870 1816 verum
887 1785 982 1815 ctiam

207 1842 279 1883 quis
293 1850 381 1880 usus,
395 1843 425 1872 et
440 1840 512 1881 quis
527 1840 660 1871 fructus.
675 1838 754 1870 Nam
766 1840 855 1869 ortus
872 1847 983 1869 eorum

208 1899 255 1928 est
269 1896 410 1928 Christus
426 1894 599 1932 Dominus;
616 1902 695 1925 usus
709 1894 818 1924 autem
833 1895 881 1923 cst
896 1894 985 1923 actus

208 1950 454 1987 exercitativus,
481 1951 512 1979 et
537 1947 732 1985 eruditivus,
750 1948 781 1977 et
805 1945 983 1977 humiliati-

210 2014 289 2042 vus·‚
311 2005 432 2034 fructus
456 2003 564 2033 autem
586 2003 633 2032 cst
658 2000 827 2031 hominum
854 2009 932 2030 cura
956 2002 987 2030 et

210 2058 307 2089 salus.
333 2056 422 2087 Patet
447 2056 541 2087 etiam
565 2063 637 2095 quae
661 2054 701 2084 sit
725 2062 819 2084 causa
847 2052 987 2083 efficiens

212 2113 486 2144 sacramentorum
495 2134 503 2149 ,
515 2110 591 2150 quia
605 2108 713 2140 divina
728 2107 901 2145 institutio;
915 2116 987 2147 quae

212 2166 404 2203 materialis,
427 2164 503 2205 quia
526 2163 612 2203 signi
635 2160 791 2193 sensibilis
811 2170 988 2201 rcpraesen-

213 2220 308 2259 tatio;
326 2228 399 2260 quae
414 2217 573 2256 formalis,
590 2216 664 2256 quia
684 2215 825 2254 gratuita
848 2214 988 2245 sanctifi-

214 2274 293 2305 catio
301 2285 308 2311 i
331 2281 403 2313 quae
426 2271 547 2309 finalis,
568 2269 643 2310 quia
665 2268 833 2299 hominum
859 2268 988 2299 medici-

215 2327 295 2358 nalis
308 2326 442 2357 curatio.
455 2325 492 2356 Et
502 2324 577 2365 quia
588 2322 804 2354 denominatio
815 2322 876 2352 fita
889 2322 989 2353 forma

216 2383 246 2411 et
262 2381 342 2417 tine,
358 2379 432 2410 hinc
445 2380 492 2409 est
509 2377 592 2418 quod
608 2377 759 2408 dicuntur
775 2378 989 2412 sacramenta,

216 2433 307 2474 quasi
323 2433 553 2463 medicamenta
574 2430 800 2461 sanctificantia
818 2438 825 2459 ε
845 2439 900 2469 per
923 2430 991 2461 haec

218 2487 304 2518 enim
324 2486 431 2516 anima
452 2495 470 2516 a
491 2485 629 2515 foeditate
650 2483 804 2514 vitiorum
829 2483 991 2514 reducitur

217 2540 257 2572 ad
272 2539 552 2571 sanctificationem
566 2538 747 2578 perfectam.
763 2536 800 2567 Et
816 2535 884 2567 ideo
896 2560 903 2573 ‚
921 2536 993 2567 lieet

219 2595 282 2625 sint
308 2593 483 2633 corporalia
514 2594 544 2623 et
572 2590 735 2622 sensibilia
753 2614 760 2628 ‚
787 2592 859 2620 sunt
887 2592 993 2621 tamen

219 2646 433 2684 medicinalia,
452 2647 482 2676 et
503 2646 542 2676 ob
562 2645 621 2676 hoc
640 2643 819 2676 veneranda
843 2645 994 2683 tanquam

1038 1573 1101 1601 tem
1117 1579 1200 1601 nova
1218 1571 1337 1601 statuta
1358 1573 1431 1601 sunt
1453 1572 1652 1601 sacramenta
1675 1578 1811 1601 numero

1038 1623 1207 1664 pauciora,
1234 1623 1369 1655 utilitate
1391 1623 1536 1664 potiora,
1561 1623 1680 1655 virtute
1703 1623 1812 1655 effica-

1038 1680 1137 1718 ciora,
1151 1682 1181 1710 et
1195 1679 1437 1720 praeeminentia
1452 1679 1601 1718 digniora
1614 1703 1622 1718 ‚
1643 1679 1677 1710 in
1694 1679 1814 1718 quibus

1039 1736 1085 1764 est
1101 1734 1243 1774 impletio
1258 1733 1353 1765 simul
1369 1737 1399 1764 et
1416 1733 1584 1764 evacuatio
1599 1734 1812 1763 sacramento-

1040 1797 1111 1819 rum
1127 1788 1273 1818 omnium
1289 1787 1526 1828 praedictorum.

1082 1839 1170 1870 Ratio
1192 1841 1298 1870 autem
1315 1839 1354 1870 ad
1377 1838 1622 1877 intelligentiam
1648 1838 1816 1878 praedicto-

1041 1902 1115 1923 rum
1139 1893 1207 1923 hav
1229 1895 1275 1924 est
1298 1904 1304 1922 2
1329 1893 1404 1932 quia
1425 1891 1565 1923 Verbum
1589 1892 1813 1930 incarnatum,

1041 1946 1126 1987 quod
1142 1949 1187 1977 est
1203 1946 1412 1986 reparationis
1427 1948 1544 1976 nostrae
1561 1946 1771 1986 principium,
1785 1947 1816 1976 et

1042 2001 1111 2031 sous
1126 2002 1156 2030 et
1171 1999 1262 2037 origo
1277 2001 1563 2035 sacramentorum,
1592 2007 1665 2029 cum
1689 1998 1729 2028 sit
1752 1998 1815 2029 cle-

1043 2052 1276 2083 mentissimum
1294 2054 1325 2082 et
1344 2052 1615 2092 sapientissimum
1636 2063 1642 2082 :
1669 2061 1707 2083 eo
1730 2051 1816 2092 quod

1043 2106 1325 2137 clementissimum
1337 2108 1394 2143 est,
1411 2115 1476 2136 non
1493 2105 1635 2146 permisit
1646 2105 1730 2146 quod
1747 2114 1817 2136 cur-

1045 2162 1125 2191 reret
1150 2160 1281 2190 morbus
1305 2160 1420 2199 peccati
1448 2160 1517 2190 sinc
1542 2160 1682 2191 remedio
1711 2169 1815 2190 sacra-

1045 2213 1143 2244 menti
1159 2224 1165 2251 ;
1183 2222 1219 2244 eo
1236 2222 1311 2244 vero
1333 2213 1418 2253 quod
1434 2213 1704 2253 sapientissimum
1716 2237 1724 2250 ,
1748 2213 1818 2244 ideo

1041 2269 1135 2307 Juxta
1155 2267 1311 2297 dictamen
1331 2276 1399 2298 suae
1420 2266 1631 2297 immutabilis
1653 2266 1816 2307 sapientiae

1045 2322 1159 2351 cuncta
1184 2320 1415 2351 ordinatissime
1438 2320 1648 2360 gubernantis
1663 2343 1670 2357 ,
1694 2319 1819 2350 diversa

1046 2373 1190 2405 adhibuit
1210 2374 1440 2404 medicamenta
1460 2376 1491 2404 ct
1514 2374 1621 2411 varia,
1644 2373 1818 2404 secundum

1048 2427 1255 2458 imitationem
1270 2427 1390 2458 variam
1405 2430 1585 2467 temporum
1600 2426 1816 2456 diversorum.

1047 2482 1205 2520 Quoniam
1220 2490 1300 2520 ergo
1315 2481 1354 2511 ab
1371 2481 1479 2519 initio,
1501 2482 1717 2520 praecurrente
1739 2482 1819 2510 teni-

1049 2545 1124 2576 pore
1135 2560 1143 2574 ,
1161 2538 1191 2566 ct
1205 2535 1343 2566 adventu
1358 2534 1529 2565 Salvatoris
1544 2533 1649 2573 magis
1664 2542 1700 2563 ac
1716 2533 1820 2572 magis

1048 2589 1341 2630 appropinquante,
1375 2596 1499 2627 semper
1524 2587 1630 2626 magis
1658 2596 1694 2618 ac
1718 2586 1822 2625 magis

1049 2643 1178 2674 effectus
1194 2642 1302 2673 salutis
1320 2641 1435 2679 crevit,
1456 2642 1486 2671 et
1501 2640 1642 2679 cognitio
1658 2639 1799 2671 veritatis
1813 2650 1819 2676 ;
