2003 3037
121 1398 206 1419 peccati

108 1429 196 1451 divisio·

101 1468 149 1483 nes.

139 2525 218 2544 Pecca—

215 180 274 211 348

213 246 390 287 Augustini
403 249 436 277 ¹:
457 257 472 276 α
486 245 658 277 Peccatum
677 246 725 276 est
748 243 899 276 voluntas
921 241 993 274 reti-

214 300 310 332 nendi
332 298 384 332 vel
404 297 594 339 assequendi
615 298 702 339 quod
720 297 846 339 justitia
858 297 956 329 vetat.
971 305 987 324 i>

214 353 319 386 Tertia
333 355 379 385 est
391 353 488 385 etiam
503 352 678 392 Augustini
694 363 702 384 ι
723 363 738 383 α
753 351 923 383 Peccatum
945 350 992 381 est

213 409 361 449 appetere
376 415 449 448 quae
465 406 609 438 Christus
623 406 833 447 contempsit,
851 404 904 436 vel
918 412 992 435 cou-

214 464 356 494 temnere
379 470 453 502 quae
477 460 621 492 Christus
651 460 794 501 appetiit.
821 469 836 488 n
865 458 930 490 Aut
952 457 993 489 ad

214 515 335 546 bonum
364 514 451 555 quod
479 514 650 554 praetendit
666 538 676 553 ,
702 515 734 545 et
757 513 801 544 sic
827 511 994 552 tripliciter

214 568 383 600 diffinitur.
399 567 519 607 Primo,
535 568 576 599 ab
591 566 789 607 Augustino,
807 566 840 597 in
854 565 938 597 libro
955 564 994 597 de

217 624 356 656 Civitate
381 623 440 656 Dez·
462 631 474 654 .·
501 633 516 652 (ι
541 621 710 654 Peccatum
733 623 807 658 est,
832 619 915 651 male
947 618 994 650 uti

216 677 312 709 bono.
324 689 337 707 n
357 677 514 716 Secundo,
541 676 582 708 ab
605 676 717 708 eodem
733 677 743 694 ³
759 685 767 706 ε
789 686 804 704 α
824 674 994 706 Peccatum

216 734 262 764 est
287 732 334 764 uti
359 731 521 770 fruendis,
546 732 577 762 et
600 730 664 762 frui
687 729 825 761 utendIS.
841 740 856 758 n
873 727 992 767 Tertio,

216 786 312 818 etiam
328 785 369 817 ab
383 785 495 817 eodem
507 785 517 802 ”
535 796 541 816 :
563 797 577 815 α
601 784 770 816 Peccatum
793 785 839 814 est
853 807 862 822 ,
888 784 995 823 spreto

216 841 300 872 bono
316 839 584 877 incommutabili,
598 839 696 869 rebus
710 836 995 869 commutabilibus

217 894 392 926 adhaerere.
417 904 432 922 »
453 893 530 925 Duae
553 895 661 924 autem
680 891 890 923 inveniuntur
915 890 996 922 diffi-

217 948 355 979 nitiones
369 947 518 988 pecccati.
537 946 606 978 Una
621 946 691 978 haec
706 947 754 977 est
770 956 776 977 :
799 957 813 975 α
826 945 997 976 Peccatum

218 1003 264 1033 est
277 1004 365 1033 actus
378 1001 519 1033 incidens
532 1010 572 1032 ex
586 1001 709 1033 defectu
719 1000 806 1031 boni.
821 1011 835 1028 n
851 998 997 1030 Secunda

218 1057 266 1087 cst
280 1055 373 1087 haec:
395 1055 593 1087 «Peccatum
616 1057 663 1087 est
681 1054 873 1086 demeritum
892 1060 996 1093 poenae

220 1111 359 1142 OEternae.
375 1121 390 1138 ))

492 1204 641 1239 SEGTIO
666 1204 723 1238 IV.

447 1294 484 1322 De
500 1295 608 1329 peccato
628 1292 772 1327 oriqinale'.

260 1380 333 1411 viso
356 1379 394 1411 de
415 1379 532 1420 peccati
557 1377 766 1416 diffinitione,
784 1377 929 1417 sequitur
954 1377 998 1407 vi-

221 1434 294 1465 dere
304 1434 342 1465 dc
357 1433 525 1464 divisione.
541 1431 700 1462 Dividitur
711 1433 817 1462 autem
835 1433 998 1471 peccatum

221 1488 255 1519 in
268 1487 428 1527 originale
450 1488 481 1518 et
502 1485 644 1524 actuale,
661 1485 785 1516 veniale
800 1487 829 1516 et
845 1484 996 1523 mortale,

222 1541 373 1572 delictum
391 1543 422 1572 ct
445 1540 665 1572 commissum.
694 1539 732 1571 Et
754 1539 806 1570 hae
828 1538 1000 1570 divisiones

222 1597 396 1626 sumuntur
410 1604 507 1635 penes
521 1603 651 1625 causam
674 1593 851 1625 formalem.
873 1592 952 1624 item
968 1592 999 1623 iu

223 1651 386 1690 peccatum
409 1648 532 1686 cordis,
558 1647 642 1685 oris,
668 1651 699 1678 et
721 1647 836 1687 operis.
864 1646 942 1677 Item
967 1645 1000 1676 in

222 1706 386 1744 peccatum
402 1703 562 1743 superbire
578 1702 646 1733 sive
669 1702 773 1733 inanis
794 1701 927 1741 gloriae,
950 1701 999 1731 in-

223 1757 317 1788 vidiae
330 1782 337 1795 ,
356 1757 429 1794 irae,
453 1756 579 1793 acidiam
599 1756 742 1786 avaritia·
755 1779 763 1793 ,
782 1755 886 1794 gulw,
909 1755 1001 1784 luxn-

224 1811 295 1842 riae.
319 1811 352 1841 In
376 1810 663 1851 com-[ipiscentiam
689 1809 810 1847 carnis,
829 1809 860 1839 in
884 1817 998 1838 concu-

225 1865 409 1905 piscentiam
435 1865 622 1901 oculorum,
650 1866 680 1894 et
705 1863 888 1903 superbiam
912 1862 999 1892 vitre.

227 1918 260 1949 ln
297 1921 461 1959 peccatum
496 1918 702 1957 cogitationis
721 1942 728 1955 ,
758 1916 974 1947 delectationis
993 1939 1000 1952 ‚

226 1982 398 2003 consensus
412 1997 419 2011 ‚
441 1972 545 2012 opcris
558 1996 565 2008 ,
583 1974 612 2001 ct
633 1971 882 2002 consuetudinis.
900 1970 935 2001 Et
951 1970 1002 2000 hm

225 2029 401 2057 sumuntur
421 2036 517 2065 pencs
541 2034 668 2055 cansam
693 2024 899 2054 materialem.
924 2023 1002 2053 item

226 2082 389 2118 pcccatum
409 2079 495 2109 aliud
515 2088 554 2109 cx
571 2078 754 2117 ignorantia
767 2102 774 2115 ,
792 2077 875 2107 aliud
893 2085 932 2106 cx
950 2076 1002 2105 in-

225 2133 374 2164 firmitate
390 2157 397 2170 ,
425 2132 510 2163 aliud
534 2134 619 2162 ccrta
644 2131 765 2161 malitia
788 2132 1000 2170 perpetratur.

227 2187 302 2217 iti-m
320 2188 482 2226 peccalum
498 2186 583 2216 aliud
606 2195 644 2215 ex
667 2185 780 2216 timore
797 2184 879 2214 maie
893 2183 1004 2214 humi-

226 2240 333 2276 liante,
357 2240 442 2270 aliud
466 2248 627 2270 examore
648 2238 729 2269 :nale
745 2238 958 2273 acwndcntffi
975 2238 1005 2266 et

228 2293 278 2323 lue
300 2295 474 2324 sumuntur
498 2303 594 2333 pcucs
613 2293 809 2324 emidiuouos
833 2291 1003 2332 peccantis.

230 2346 306 2377 Item
325 2350 487 2386 peccatum
509 2347 594 2377 uliud
612 2347 643 2376 in
661 2347 758 2377 licum
774 2369 781 2382 ,
798 2345 884 2375 aliud
907 2345 936 2374 in
952 2354 984 2375 se
997 2368 1004 2381 ‚

230 2400 316 2431 aliud
332 2401 363 2430 in
381 2401 583 2440 proximunw,
601 2403 628 2431 ct
646 2401 696 2431 11ae
718 2403 891 2430 sumuntur
911 2407 1007 2438 penes

232 2455 486 2485 circumstantias
501 2456 571 2494 ejus
586 2455 617 2484 iu
635 2464 729 2494 qucm
745 2455 902 2494 peccatur.

275 2508 414 2538 Primam
438 2509 627 2539 divisionem
652 2516 885 2548 prosequamur
905 2506 1009 2545 primo

266 2573 270 2585 ¹
292 2572 366 2601 Aug.=
388 2572 504 2601 nesrach,
525 2572 567 2595 ἰὼ,
591 2573 651 2602 1,‹=.
672 2577 713 2599 xv,
735 2570 764 2594 (le
785 2569 859 2594 duab.
880 2566 1009 2595 Animae,

233 2614 256 2630 c.
278 2613 314 2631 Χῖ.
332 2619 361 2624 -
378 2607 386 2621 ²
403 2609 475 2637 Aug„
495 2607 524 2631 ‹ie
546 2615 594 2631 rer.
618 2607 710 2638 Πιπίῐφ,
726 2614 749 2631 c.
769 2612 821 2630 xvi.
837 2618 867 2623 —
887 2605 896 2621 ³
914 2604 962 2632 Νι»
981 2603 1010 2625 de

235 2643 335 2671 Trsm't„
359 2643 403 2667 lib.
419 2649 466 2671 ΧΗ,
486 2650 508 2667 c.
534 2650 559 2673 x,
588 2651 613 2667 n.
642 2645 685 2673 155
711 2643 739 2667 (In
762 2642 883 2666 Lxxxul
908 2640 1010 2670 Oua-st„

234 2686 259 2710 q.
282 2685 342 2703 xxv.
366 2692 396 2697 —
420 2680 429 2695 δ
455 2679 501 2709 id,
524 2678 553 2702 sle
577 2679 627 2703 Lib.
656 2678 725 2705 Arb..
747 2678 792 2702 lib.
820 2678 842 2708 1,
865 2684 886 2700 c.
910 2681 962 2699 xvl·
980 2686 1011 2692 —

865 169 1176 210 CENTILOQUIUM.

1047 240 1206 280 qnantum
1235 237 1277 270 ad
1312 239 1480 278 peccatum
1512 237 1672 279 originale
1701 248 1711 272 ε
1740 239 1825 272 circa

1047 292 1134 334 quod
1155 294 1233 324 sunt
1258 293 1396 333 quatuor
1420 291 1611 324 attendenda
1626 315 1635 331 ‚
1657 292 1822 334 diffinitio,

1047 346 1209 388 corruptio
1221 370 1229 386 ‚
1248 346 1370 378 curatio
1381 371 1390 386 ‚
1407 347 1440 378 et
1457 346 1647 378 nominatio.
1665 346 1826 380 Distinitur

1047 402 1157 432 autem
1171 402 1334 441 peccatum
1349 399 1508 440 originale
1519 400 1561 431 ab
1575 400 1727 432 Anselmo
1740 401 1786 433 sic
1795 401 1824 434 ⁸:

1052 465 1068 485 α
1082 454 1250 486 Peccatum
1265 453 1423 494 originale
1437 456 1484 485 est
1502 453 1642 485 carentia
1654 453 1722 485 sive
1734 455 1827 486 nudi-

1048 509 1096 539 tas
1114 508 1230 540 debitae
1249 508 1384 549 justitiae
1407 517 1464 548 per
1486 507 1734 539 inobedientiam
1749 508 1827 540 Adae

1049 561 1130 593 facta
1149 586 1156 601 ‚
1190 571 1289 602 quam
1319 561 1491 593 comitatur
1521 561 1662 593 carentia
1687 561 1828 602 {visionis

1049 614 1114 647 Dei.
1136 626 1151 644 n
1172 614 1233 647 Ista
1255 615 1402 647 diffinitio
1428 617 1476 646 est
1496 615 1658 654 formalis,
1685 615 1829 648 indicans

1048 668 1149 709 hujus
1170 669 1291 709 peccati
1312 669 1483 701 essentiam
1502 693 1510 707 ‚
1534 678 1665 700 causam
1679 693 1688 708 ,
1711 671 1743 700 et
1765 677 1830 710 poe-

1050 731 1137 754 nam.
1154 722 1234 754 Item
1251 722 1342 754 aliter
1363 722 1522 754 diffinitur
1536 723 1582 754 sic
1600 733 1608 754 ε
1629 734 1644 753 α
1659 722 1829 755 Peccatum

1050 775 1209 816 originale
1221 777 1270 807 est
1281 775 1399 807 vitium
1420 785 1461 807 ex
1475 776 1628 817 qualitate
1646 777 1777 824 seminis
1794 777 1829 808 in

1051 829 1196 860 humana
1213 831 1331 861 natura
1353 831 1477 861 natum.
1499 840 1514 859 n
1535 830 1598 861 Ista
1617 832 1664 862 est
1682 831 1829 862 materia-

1051 883 1106 922 lis,
1123 883 1293 914 ostendens
1315 883 1482 924 originalis
1501 884 1619 925 peccati
1635 884 1784 916 effectum
1799 885 1831 916 et

1052 937 1223 976 originem.
1249 937 1328 968 Item
1353 937 1512 968 diffinitur
1532 937 1626 969 tertio
1644 937 1685 969 ab
1702 938 1830 977 Augus-

1052 991 1118 1022 tino
1134 990 1178 1021 sic
1192 991 1202 1006 ⁶
1219 1001 1226 1022 :
1250 1002 1264 1020 a
1284 990 1451 1022 Peccatum
1475 991 1632 1031 originale
1650 994 1697 1023 est
1717 1000 1833 1023 concu-

1053 1045 1226 1084 piscentia,
1248 1044 1299 1075 vel
1327 1045 1613 1084 concupiscibilitas
1627 1069 1636 1084 ,
1658 1055 1732 1087 quae
1754 1054 1831 1086 par-

1054 1098 1168 1129 vulum
1188 1098 1261 1129 tacit
1279 1098 1575 1138 concupiscibilem,
1591 1099 1737 1131 adultum
1754 1108 1831 1131 con-

1053 1153 1280 1194 cupiscentem.
1296 1163 1311 1181 n

1095 1207 1318 1247 Corrumpitur
1329 1209 1436 1238 autem
1456 1215 1560 1247 genus
1579 1207 1761 1239 humanum
1775 1217 1833 1249 pcr

1056 1260 1214 1300 originale
1241 1262 1422 1300 peccatum,
1447 1261 1524 1301 quia
1544 1260 1616 1292 licet
1638 1262 1747 1293 anima
1768 1271 1833 1294 non

1055 1314 1096 1344 sit
1108 1322 1148 1344 ex
1164 1313 1293 1344 traduce
1306 1338 1313 1351 ,
1329 1313 1498 1354 originalis
1513 1316 1619 1346 tamen
1637 1315 1731 1356 culpa
1747 1318 1832 1347 tran-

1055 1368 1094 1398 sit
1110 1367 1150 1398 ab
1172 1368 1279 1398 anima
1303 1368 1380 1398 Adae
1396 1368 1434 1399 ad
1458 1368 1583 1400 animas
1608 1371 1831 1409 posterorum,

1056 1421 1214 1453 mediante
1231 1431 1326 1453 carne
1347 1422 1481 1461 insecta,
1503 1424 1658 1463 tanquam
1683 1433 1739 1464 per
1761 1433 1834 1455 con-

1055 1475 1282 1515 cupiscentiam
1312 1478 1465 1515 generata
1485 1501 1493 1515 ‚
1522 1479 1553 1508 et
1581 1486 1637 1517 per
1669 1478 1833 1509 libidinem

1056 1529 1227 1567 seminata,
1246 1538 1320 1570 quae
1343 1530 1545 1561 infectionem
1560 1539 1668 1562 secum
1685 1531 1830 1570 trahens,

1056 1583 1198 1614 animam
1218 1583 1278 1614 sibi
1301 1584 1426 1615 unitam
1452 1584 1551 1616 inficit
1574 1587 1605 1616 et
1629 1585 1746 1622 vitiat,
1770 1594 1834 1616 non

1057 1637 1183 1665 tautum
1210 1644 1322 1675 poena,
1345 1635 1399 1667 scd
1421 1638 1451 1667 ct
1472 1636 1575 1677 culpa.
1602 1637 1640 1668 Et
1665 1637 1709 1668 sic
1737 1637 1834 1668 homo

1058 1699 1113 1730 pcr
1129 1689 1333 1720 concubitum
1350 1692 1524 1729 generatus
1538 1691 1679 1722 nascitur
1691 1694 1700 1710 ⁷
1716 1694 1835 1723 natura

1058 1743 1149 1782 silius
1166 1745 1238 1782 ira),
1255 1745 1331 1784 quia
1351 1745 1496 1785 privatus
1515 1747 1561 1776 est
1585 1746 1772 1777 rectitudine
1787 1746 1835 1777 di-

1058 1798 1142 1828 viua‘,
1159 1799 1292 1837 justitiae
1306 1823 1313 1836 ‚
1330 1801 1458 1839 propter
1482 1801 1575 1840 cujus
1596 1800 1772 1831 absentiam
1791 1801 1836 1831 in-

1059 1852 1173 1889 currit,
1191 1855 1348 1892 quantum
1366 1853 1404 1884 ad
1420 1853 1578 1891 animam,
1595 1854 1833 1892 infirmitatem,

1059 1905 1273 1942 ignorantiam
1286 1931 1293 1943 ,
1309 1907 1463 1937 maiitiam
1479 1909 1507 1938 et
1525 1908 1833 1948 concupiscentiam

1060 1962 1217 1998 quantum
1241 1969 1316 1989 vcro
1343 1960 1381 1990 ad
1404 1969 1538 2000 corpus,
1555 1961 1771 2000 poeufflitates,
1788 1961 1833 1992 la-

1061 2013 1152 2043 bore<
1163 2037 1172 2050 ‚
1196 2013 1338 2051 dolorm,
1357 2014 1496 2045 detectus
1508 2038 1516 2052 ,
1533 2015 1662 2046 morbos
1685 2015 1834 2056 multipli-

1061 2075 1110 2095 [ως
1130 2077 1135 2096 ;
1155 2069 1269 2106 praeter
1289 2067 1358 2098 haec
1380 2077 1506 2107 poenam
1530 2069 1661 2107 mortis,
1679 2069 1837 2101 incinera-

1061 2120 1179 2157 tionis,
1208 2130 1335 2161 poenam
1366 2123 1514 2154 carentiae
1543 2123 1675 2154 visionis
1703 2124 1780 2162 Dei,
1807 2125 1838 2155 et

1062 2174 1242 2204 amissionis
1257 2175 1368 2214 gloria}
1384 2176 1534 2214 coelestis,
1552 2179 1617 2208 tam
1635 2177 1666 2207 in
1683 2177 1836 2218 parvuliS,

1063 2236 1157 2267 quani
1176 2228 1348 2260 madidus.

1104 2282 1240 2312 Curatur
1267 2285 1372 2314 autem
1402 2283 1560 2323 originale
1587 2286 1750 2324 peccatum
1782 2292 1838 2324 per

1064 2336 1257 2375 baptismum
1282 2337 1325 2367 sic
1346 2340 1502 2377 quantum
1523 2338 1562 2368 ad
1583 2338 1730 2378 culpam,
1753 2336 1838 2377 quod

1066 2390 1170 2419 tamen
1200 2392 1340 2420 remanet
1370 2394 1526 2430 quantum
1560 2391 1597 2421 ad
1631 2390 1839 2430 temporalem

1066 2451 1214 2481 pcruam3
1236 2443 1280 2473 sic
1303 2447 1435 2475 curatur
1465 2446 1623 2484 quantum
1647 2444 1685 2474 ad
1715 2446 1840 2474 reatum

1067 2504 1166 2535 pcenae
1183 2499 1312 2528 mierum
1325 2522 1332 2536 ,
1351 2498 1435 2538 quod
1460 2498 1603 2529 remanet
1623 2499 1780 2537 quantum
1802 2497 1841 2528 ad

1067 2560 1076 2575 ⁵
1089 2558 1212 2589 Anseiiu.,
1227 2560 1256 2583 de
1274 2560 1347 2585 Cone.
1368 2561 1436 2591 i'irsy.
1454 2562 1476 2584 e!
1494 2562 1558 2584 Pecu.
1577 2561 1681 2591 m·iy.—·
1696 2561 1704 2573 ¹⁴·
1719 2561 1751 2584 li<
1767 2561 1840 2592 Aug.,

1068 2594 1162 2623 colligit
1186 2595 1254 2623 i'tlass.
1279 2597 1358 2623 Sene..
1381 2597 1426 2620 lib.
1453 2597 1502 2625 ill,
1526 2596 1586 2619 dist.
1611 2602 1676 2626 xxx,
1701 2596 1715 2625 ξ
1737 2596 1842 2620 Nomine

1068 2632 1164 2689 (integra,
1187 2631 1238 2662 Ιιιῃ,
1266 2632 1326 2656 edit.
1353 2634 1414 2656 tom.
1442 2633 1492 2661 lli,
1518 2639 1543 2663 p.
1572 2633 1627 2655 32¹³.
1651 2645 1676 2649 -
1707 2632 1715 2647 ⁷
1741 2631 1839 2662 Ephe-s..

1070 2672 1099 2696 ιι,
1133 2683 1139 2688 .

1837 245 1886 266 tum
1903 242 1947 265 οιί-

1837 274 1922 305 gin-le.

1869 2291 1959 2312 Curatio

1860 2322 1956 2348 origina-

1862 2353 1889 2373 lis
1903 2359 1952 2380 pec·

1854 2385 1904 2405 ceti.
