2003 3037
199 223 258 255 394

197 289 276 322 dum
291 287 411 329 aliquid
423 287 507 319 intra
521 295 555 318 se
564 310 573 326 ,
594 288 626 318 et
639 294 737 328 supra
750 293 785 317 se
794 309 802 324 ‚
820 285 856 316 in
870 293 921 322 se,
944 285 978 316 et

193 344 290 385 juxta
299 351 344 374 se.
356 340 527 381 Cognoscit
537 340 698 382 siquidem
709 340 810 371 Deum
818 347 917 380 supra
930 346 974 376 se,

197 405 231 428 se
245 396 279 428 in
293 405 338 436 se,
354 395 615 436 angelumJuxta
629 403 676 432 se,
687 395 720 425 et
733 392 891 434 quidquid
905 390 977 423 coeli

196 450 377 483 continetur
392 449 532 488 ambitu,
547 448 631 480 infra
643 457 687 480 se.
705 447 765 479 Per
777 445 977 487 concupisci-

195 504 293 536 bilem
307 505 339 535 et
352 502 545 534 irascibilem
567 501 684 534 habilis
698 503 746 533 est
761 500 844 532 affici
860 499 899 531 ad
914 499 968 531 ali-

196 557 273 599 quid
286 556 501 598 appetendum
512 556 565 587 vel
579 556 783 596 fugiendum,
799 553 975 585 amandum

196 612 247 645 vel
260 611 446 644 odiendum.
466 610 508 642 De
523 610 735 642 rationalitate
747 608 853 640 omnis
863 617 977 639 sensus

196 667 315 698 animae
324 666 484 703 nascitur;
497 665 537 696 de
552 663 856 704 concupiscibilitate
870 662 977 694 omnis

196 721 340 753 affectus.
356 720 500 752 Affectus
515 718 766 760 quadripartitus
779 726 846 748 esse
859 717 976 757 digno-

197 775 307 814 scitur,
325 774 403 806 dum
416 773 455 805 de
470 782 519 812 e0,
534 772 620 813 quod
635 780 796 810 amamuS,
808 771 878 811 jam
892 779 977 810 gau-

196 829 328 866 demus,
343 828 396 859 vel
412 826 623 867 gaudendum
639 834 821 866 speramus;
834 825 885 856 vel
901 834 975 856 cum

197 883 235 914 de
250 891 306 922 eo,
324 881 410 923 quod
425 881 571 919 odimus,
586 882 654 921 jam
670 880 833 918 dolemus,
850 879 902 911 vel
919 879 977 910 do-

196 937 329 968 lendum
345 936 532 967 metuimus.
555 934 645 967 Unde
664 934 703 966 de
722 932 977 975 concupiscibili-

197 992 260 1022 tate
272 990 432 1030 gaudium
448 991 478 1021 et
493 998 583 1030 spes,
599 989 638 1020 de
653 987 872 1019 irascibilitate
887 987 978 1018 dolor

197 1046 228 1076 et
243 1045 348 1075 metus
362 1043 522 1075 oriuntur.
547 1042 606 1081 Qui
623 1042 754 1083 quidem
770 1043 910 1082 quatuor
930 1041 976 1071 as-

197 1097 297 1128 fectus
311 1095 429 1127 animae
450 1095 598 1126 omnium
619 1097 694 1126 sunt
711 1094 866 1125 vitiorum
882 1095 978 1133 atque

197 1150 357 1181 virtutum
373 1149 465 1190 quasi
480 1148 629 1189 quaedam
645 1147 803 1188 principia
814 1170 821 1184 ,
838 1150 869 1178 et
889 1156 977 1178 com-

199 1203 308 1235 munis
323 1203 466 1234 materia.
484 1202 625 1233 Affectus
640 1201 770 1242 quidem
788 1201 875 1232 omni
890 1202 978 1241 operi

198 1266 317 1289 nomen
328 1257 474 1297 imponit.
491 1255 673 1287 Notandum
688 1264 766 1286 vero
778 1255 798 1293 ¹,
813 1254 898 1294 quod
910 1263 980 1284 sen-

199 1320 254 1343 sus
269 1311 386 1342 animae
400 1310 535 1341 virtutes
550 1309 795 1350 apprehensivae
810 1311 977 1346 vocantur,

198 1365 265 1396 sive
280 1364 454 1405 cognitivae
467 1388 474 1401 ‚
490 1372 564 1404 quae
579 1372 598 1393 a
615 1362 858 1393 rationabilitate
873 1362 979 1392 oriun-

198 1422 262 1450 tur.
278 1418 428 1459 Quinque
447 1420 554 1449 autem
570 1419 643 1448 sunt
664 1425 856 1457 progressus
871 1415 910 1446 ad
927 1425 977 1445 sa-

198 1474 352 1514 pientiam
370 1484 377 1504 :
395 1482 525 1510 sensuS,
544 1472 732 1511 imaginatio
745 1496 752 1508 ,
767 1471 848 1502 ratio
860 1495 867 1508 ‚
889 1470 979 1501 intel-

200 1528 309 1566 lectus,
324 1527 544 1567 intelligentia.
560 1526 731 1557 Sensusest
741 1526 834 1556 cavis
847 1524 977 1562 animm,

199 1591 273 1622 quae
287 1591 395 1613 rerum
424 1589 652 1621 corporearum
677 1588 845 1620 corporeas
870 1579 981 1618 recipit

199 1636 328 1674 formas,
346 1636 399 1667 sed
415 1637 599 1675 praesentes.
617 1633 808 1673 imaginatio
820 1634 865 1663 est
879 1641 916 1663 ca
931 1632 981 1662 vis

199 1690 333 1727 animae,
352 1698 424 1730 quse
441 1698 550 1719 rerum
566 1696 792 1728 corporearum
814 1695 980 1727 corporeas

199 1744 312 1784 recipit
323 1744 452 1781 formas,
471 1743 522 1773 sed
536 1743 691 1773 absentes.
706 1742 825 1771 Sensus
839 1749 981 1780 namque

200 1798 318 1828 formas
333 1797 446 1837 accipit
463 1797 493 1827 in
513 1797 660 1833 matcria3
685 1795 872 1835 imaginatio
891 1796 981 1824 extra

201 1852 378 1882 materiam.
398 1851 433 1882 Et
448 1861 484 1881 ea
501 1851 549 1882 vis
567 1850 709 1881 exterius
732 1850 885 1886 formata,
912 1858 981 1878 sen-

200 1914 255 1936 sus
278 1905 413 1941 dicitur;
440 1907 469 1935 et
494 1904 605 1935 eadem
631 1913 733 1943 usque
765 1903 803 1933 ad
831 1902 981 1932 intimum

201 1960 355 1997 traducta,
374 1960 508 1990 vocatur
524 1957 724 1997 imaginatio,
743 1966 815 1996 qna·
831 1956 870 1986 de
886 1965 982 1986 sensu

201 2013 314 2043 oritur.
336 2012 425 2043 Ratio
439 2015 485 2043 cst
502 2021 539 2043 ea
555 2012 603 2041 vis
620 2011 754 2045 animm,
778 2018 851 2049 quae
873 2018 981 2039 rurum

201 2075 425 2105 corporearum
442 2066 559 2095 formas
571 2089 578 2101 ,
597 2067 729 2095 naturas
741 2087 749 2101 ‚
766 2063 980 2100 diil'erentias3

203 2121 331 2160 propria
348 2122 378 2150 et
400 2119 574 2150 accidentia
597 2118 706 2149 onmia
729 2117 860 2157 percipit
877 2117 984 2147 incor-

203 2183 315 2214 porea,
333 2173 387 2204 scd
403 2182 466 2204 non
488 2175 579 2204 extra
594 2181 743 2212 corpora,
761 2171 820 2201 nisi
841 2170 981 2207 ratione,

203 2228 381 2258 existentia.
413 2227 577 2258 Abstrahit
609 2226 695 2257 enim
724 2236 742 2256 a
773 2225 960 2265 corporibus
972 2249 980 2262 ,

203 2293 276 2323 quse
299 2283 476 2314 fundantur
498 2283 529 2313 in
545 2282 744 2322 corporibuS,
761 2291 824 2312 non
840 2281 977 2317 actione,

204 2338 257 2368 sed
290 2338 555 2369 consideratione.
584 2336 763 2367 Intellectus
796 2337 843 2366 est
868 2344 904 2365 ea
936 2334 984 2365 vis

205 2393 322 2423 animae
334 2416 341 2429 ,
365 2401 439 2433 qnae
456 2391 629 2422 invisibilia
657 2390 810 2430 percipit,
826 2392 861 2420 ut
882 2398 982 2428 ange-

205 2445 272 2483 los,
302 2445 485 2483 daemones,
511 2445 635 2475 animas
649 2468 656 2481 ‚
682 2446 712 2474 et
733 2452 862 2473 omnem
889 2442 985 2482 spiri-

205 2501 276 2529 tum
293 2501 446 2529 creatum.
471 2496 685 2536 intelligentia
709 2499 756 2527 est
778 2505 814 2526 ea
837 2496 886 2526 vis
912 2495 983 2525 ani-

207 2562 285 2590 mae,
302 2562 376 2593 quae
389 2552 570 2583 immediate
583 2550 773 2591 supponitur
788 2550 861 2581 Deo.
879 2549 985 2580 Cernit

207 2606 337 2647 quidem
376 2606 481 2646 ipsum
509 2614 676 2636 summum
700 2613 815 2635 verum
847 2606 878 2634 et
910 2613 984 2634 vere

239 2689 244 2700 “
262 2688 323 2711 llaec
335 2687 462 2711 habentur
472 2686 537 2710 inter
558 2686 621 2715 Aug.
635 2685 726 2715 Opera,
747 2685 791 2709 lib.
805 2685 890 2715 cit.‚c.
908 2691 944 2709 xl.
966 2699 982 2701 ἡ

208 2722 332 2754 ²lbid.,c.
349 2730 391 2748 xv.
405 2735 429 2740 -·
447 2723 457 2739 ³
468 2722 526 2747 Vid.
541 2728 609 2753 sup..
625 2721 731 2750 Brevil„
745 2728 770 2752 p.
788 2721 820 2753 ll,
837 2728 859 2746 c.
874 2726 909 2745 ix.

850 212 1159 254 CENTILOQUIUM.

1033 282 1246 315 immutabile.
1264 282 1317 315 Sic
1335 290 1418 323 ergo
1431 283 1542 315 anima
1558 291 1658 316 sensu
1676 284 1812 326 percipit

1033 345 1186 379 corporea
1202 348 1210 368 z
1226 336 1479 377 imaginatione,
1504 345 1680 378 corporum
1697 337 1813 370 simili-

1034 391 1178 430 tudines;
1201 391 1343 431 ratione,
1361 399 1534 432 corporum
1549 392 1697 430 naturas;
1717 391 1812 423 intel-

1033 444 1133 484 lectu,
1151 445 1299 486 spiritum
1317 447 1477 484 creatum;
1493 445 1724 486 intelligentia,
1746 445 1814 487 spi-

1033 499 1133 533 ritum
1146 499 1338 531 increatum.
1355 499 1404 531 Ad
1427 499 1713 540 imaginationem,
1737 508 1813 540 quae

1033 553 1151 585 dicitur
1164 561 1277 585 sensus
1291 553 1474 585 communis
1483 577 1492 592 ,
1514 555 1545 585 ct
1559 553 1657 585 etiam
1673 553 1812 594 phanta-

1033 607 1096 646 sia,
1113 607 1273 648 pertinent
1285 616 1325 639 ea
1338 617 1412 648 quae
1429 607 1539 639 vident
1554 607 1588 638 in
1602 606 1725 638 somnis
1737 607 1813 639 dor-

1034 662 1186 693 mientes:
1199 661 1238 693 de
1251 662 1370 703 quibus
1382 662 1458 693 dicit
1469 662 1676 702 Augustinus
1688 661 1712 701 ²,
1728 661 1815 702 quod

1033 715 1200 754 omnIum,
1226 724 1300 756 quae
1329 715 1392 747 sibi
1421 716 1572 759 videntur
1601 716 1710 748 videre
1737 716 1816 748 dor·

1034 769 1187 808 mientes,
1204 769 1349 810 quinque
1367 772 1442 801 sunt
1459 778 1597 809 genera,
1613 771 1732 802 scilicet
1745 779 1816 802 ora-

1034 823 1161 862 culum,
1191 823 1288 861 visio,
1318 823 1481 854 somnium
1500 847 1511 862 ‚
1538 822 1736 856 insomnium
1747 848 1758 862 ,
1784 825 1816 856 et

1035 877 1236 918 phantasma.
1262 876 1435 908 Oraculum
1455 878 1520 916 est,
1542 886 1617 909 cum
1640 879 1674 910 in
1693 878 1816 910 somnis

1035 941 1164 972 parens,
1180 931 1232 963 vel
1253 930 1359 971 aliqua
1380 930 1490 970 gravis
1506 939 1663 972 persona,
1692 940 1750 964 seu
1768 941 1818 963 sa-

1034 986 1162 1023 cemos,
1179 986 1230 1017 vel
1254 985 1349 1017 etiam
1369 985 1448 1017 Deus
1470 985 1594 1026 aliquid
1623 989 1816 1018 eventurum

1033 1042 1156 1080 aperte,
1174 1039 1224 1071 vel
1242 1048 1305 1070 non
1321 1043 1531 1079 eventurum,
1550 1040 1746 1079 faciendum,
1765 1040 1816 1072 vel

1034 1093 1202 1124 vitandum
1216 1093 1394 1124 denuntiat.
1416 1092 1498 1125 Visio
1514 1096 1579 1133 est,
1603 1103 1677 1125 cum
1692 1094 1729 1130 ¹id
1745 1095 1817 1135 quis

1033 1148 1137 1186 videt,
1153 1148 1239 1189 quod
1255 1148 1367 1179 eodem
1384 1148 1494 1187 modo,
1520 1158 1586 1189 quo
1602 1151 1794 1189 apparuerat
1806 1171 1815 1187 ,

1034 1202 1150 1233 evenit.
1169 1202 1339 1233 Somnium
1353 1204 1400 1232 est
1416 1202 1530 1241 figuris
1544 1204 1663 1234 tectum
1673 1227 1681 1241 ,
1696 1204 1727 1234 et
1747 1203 1817 1234 sine

1035 1256 1296 1296 interpretatione
1320 1255 1457 1295 intelligi
1475 1264 1542 1287 non
1557 1258 1670 1300 potest.
1691 1256 1816 1288 lnsom·

1035 1309 1128 1340 nium
1143 1312 1209 1346 est,
1225 1309 1353 1350 quando
1370 1309 1401 1340 id
1413 1333 1423 1348 ‚
1439 1310 1524 1350 quod
1542 1310 1732 1350 vigilantem
1746 1310 1819 1341 fati-

1036 1364 1213 1403 tigmerat,
1238 1373 1270 1394 se
1294 1363 1412 1403 ingerit
1434 1364 1627 1401 dormienti,
1662 1364 1746 1395 sicut
1772 1366 1820 1396 est

1037 1418 1096 1448 cibi
1112 1427 1189 1449 cura
1201 1442 1208 1456 ‚
1227 1418 1277 1449 vel
1294 1421 1403 1457 potus,
1421 1418 1471 1448 vel
1493 1418 1601 1458 aliqua
1619 1417 1725 1449 studia
1738 1442 1748 1457 ‚
1768 1418 1819 1450 vel

1038 1474 1121 1503 artes
1132 1496 1140 1510 ,
1170 1471 1221 1502 vel
1249 1472 1461 1502 infirmitates.
1491 1471 1589 1503 Juxta
1617 1472 1819 1503 infirmitates

1038 1527 1125 1558 enim
1140 1526 1259 1557 diversi
1275 1526 1405 1557 diversa
1418 1526 1576 1566 accipiunt
1591 1527 1716 1557 somnia
1733 1537 1740 1557 :
1758 1526 1820 1557 alia

1038 1581 1125 1612 enim
1144 1580 1253 1610 vident
1268 1580 1461 1619 sanguinei,
1489 1580 1550 1610 alia
1564 1579 1733 1618 cholerici,
1759 1579 1821 1610 alia

1039 1633 1277 1672 melancholici,
1296 1634 1356 1665 alia
1379 1634 1566 1673 flegmatici.
1588 1633 1641 1664 lsti
1666 1633 1752 1664 enim
1770 1633 1819 1664 vi·

1039 1688 1114 1718 dent
1138 1688 1236 1718 rubra
1260 1690 1289 1718 et
1317 1687 1424 1725 varia;
1450 1691 1480 1718 et
1506 1687 1549 1717 illi
1575 1687 1671 1726 nigra
1689 1689 1720 1718 et
1735 1687 1818 1718 alba.

1040 1741 1241 1772 Phantasma
1255 1744 1313 1778 cst,
1325 1741 1454 1781 quando
1470 1741 1525 1772 vix
1539 1740 1678 1771 dormire
1689 1740 1822 1780 coeperit

1038 1796 1127 1835 quis,
1159 1798 1187 1826 et
1214 1794 1349 1834 vigilare
1375 1804 1408 1825 se
1432 1794 1614 1831 existimat,
1640 1797 1671 1825 et
1694 1793 1821 1825 videtur

1039 1849 1179 1889 aspicere
1200 1849 1358 1880 irruentes
1374 1849 1406 1878 in
1423 1858 1456 1879 se
1468 1872 1476 1886 ,
1493 1848 1543 1878 vel
1561 1847 1679 1888 passim
1701 1856 1821 1887 vagan-

1040 1907 1085 1934 tes
1100 1904 1218 1934 sormas
1239 1903 1473 1942 discrepantes,
1489 1904 1519 1931 ct
1534 1901 1649 1937 varias,
1669 1901 1773 1938 1aetas,
1790 1903 1822 1932 et

1040 1957 1251 1988 turbulentas.
1282 1957 1316 1987 ln
1342 1956 1401 1986 hoc
1429 1964 1547 1995 genere
1572 1957 1618 1985 est
1643 1955 1819 1995 ephialtes,

1040 2021 1135 2051 quem
1150 2012 1322 2051 opinantur
1336 2010 1490 2049 vulgares
1502 2009 1651 2039 invadere
1664 2009 1821 2039 dormien-

1042 2068 1103 2103 tes,
1120 2067 1150 2095 ct
1164 2064 1343 2104 opprimere
1361 2063 1560 2103 quiescentes
1571 2086 1580 2100 ,
1596 2062 1681 2102 quod
1694 2071 1759 2093 non
1774 2065 1822 2094 est

1040 2118 1101 2148 nisi
1131 2117 1296 2148 fumositas
1315 2115 1531 2147 conscendens
1551 2116 1590 2147 ad
1612 2116 1779 2148 cerebrum
1802 2125 1821 2148 a

1042 2171 1205 2202 stomacho
1219 2194 1226 2207 ,
1252 2170 1302 2201 vel
1325 2179 1344 2201 a
1369 2169 1485 2207 corde,
1515 2169 1582 2200 vim
1605 2170 1821 2210 comprimens

1041 2225 1227 2257 animalem.

1239 2324 1433 2359 SECTto
1470 2323 1621 2358 XXIV.

1294 2412 1330 2437 De
1345 2417 1395 2445 quo
1410 2411 1449 2436 est
1463 2410 1566 2436 anima.

1085 2495 1191 2526 Potest
1204 2493 1313 2533 colligi
1329 2502 1369 2523 ex
1385 2491 1544 2531 praedictis
1556 2513 1564 2527 ,
1581 2491 1665 2530 quod
1682 2490 1692 2507 ³
1711 2490 1820 2522 anima

1044 2553 1091 2581 est
1101 2559 1158 2580 ens
1170 2549 1293 2585 vivens,
1308 2547 1503 2585 intelligens,
1513 2554 1549 2575 ac
1558 2545 1701 2576 libertate
1715 2548 1818 2576 utens.

1045 2604 1161 2635 Forma
1175 2602 1303 2643 quidem
1319 2603 1365 2631 est
1381 2600 1500 2635 anima,
1518 2607 1583 2629 non
1597 2608 1617 2629 a
1631 2599 1748 2639 seipsa,
1765 2609 1822 2630 uec

1045 2658 1083 2689 de
1098 2656 1207 2688 divina
1220 2657 1335 2686 natura
1346 2677 1355 2692 ,
1371 2653 1426 2685 sed
1440 2662 1460 2684 a
1479 2652 1542 2684 Deo
1558 2661 1614 2693 per
1629 2653 1821 2684 creationem

1046 2712 1084 2743 de
1100 2710 1201 2741 nihilo
1216 2711 1249 2740 in
1265 2717 1333 2740 esse
1353 2707 1499 2739 deducta.
1516 2706 1631 2738 Forma
1645 2709 1752 2738 autem
1771 2707 1821 2738 vi-
