2003 3037
74 392 154 412 Reme-

55 423 91 443 dia
105 429 144 443 un-

64 454 136 475 decim

59 486 135 505 contra

44 515 141 538 veuia'e.

74 1243 152 1264 Peena-

76 1276 123 1294 tum

45 1306 146 1327 mortale.

72 2326 150 2346 Reme-

43 2355 80 2376 dia
99 2363 147 2384 sep-

43 2387 88 2408 tem
97 2394 150 2409 con-

44 2418 77 2437 tm
94 2425 150 2440 mor.

44 2445 95 2465 tale.

778 203 895 237 PART.
920 203 943 235 Ι.
966 201 1073 235 SECT.
1098 204 1164 237 Vll.

167 271 359 312 placentiam
381 273 413 304 et
437 280 628 303 consensum
641 295 650 310 ,
674 271 742 303 51νο
763 281 821 312 per
842 271 945 303 libidi-

168 334 242 357 nem
258 326 290 357 et
304 326 535 366 contemptum.

209 379 346 412 Curatur
362 367 470 411 autem
490 380 655 420 peccatum
670 379 796 411 veniale
818 388 874 420 per
893 388 945 410 ac-

168 435 220 464 tus
251 433 285 464 in
312 433 429 474 quibus
450 434 497 464 est
515 432 622 473 aliqua
641 432 820 464 humiliatio
843 435 874 463 et
892 432 945 463 de-

170 486 270 526 votio,
298 486 354 527 qui
382 485 510 527 quidem
537 489 627 517 actus
656 487 761 526 gratia
786 487 946 518 informati

169 542 353 581 repugnant
367 539 483 571 veniali
497 563 504 578 ,
522 541 554 570 et
568 539 613 571 sic
627 540 667 571 ad
682 541 789 571 actum
807 540 947 572 curatio-

169 594 218 625 nis
230 617 238 631 ,
254 595 286 625 et
309 593 472 625 deletionis
491 593 667 625 venialium
679 618 688 633 ,
708 581 846 634 gratiam
867 603 945 634 gra-

169 650 236 679 tum
253 647 420 678 facientem
440 648 634 688 coadJ'uvant
655 650 687 680 et
701 649 864 688 vigorant.
882 649 947 680 Hu-

166 701 310 740 jusmodi
325 701 467 732 remedia
481 701 533 732 his
556 702 702 734 versibus
721 703 942 734 continentur:

214 771 352 802 Confiteor,
365 772 461 802 tundo,
477 779 616 805 resperge,
631 776 762 805 conteror,
780 781 841 805 oro,

213 807 316 839 signer,
332 807 395 838 edo,
411 809 494 838 dono,
509 816 556 840 per
571 816 627 840 quae
641 809 751 834 venialia
773 817 854 841 pono,

213 843 315 874 uacuo,
331 850 409 875 poena
423 843 494 874 levis,
511 844 666 876 compassio,
682 852 739 876 qnae
754 846 782 870 fit
796 846 886 877 egenis

208 916 285 947 Haec
301 916 388 948 enim
414 916 556 947 remedia
580 918 674 948 sunt:
693 917 853 956 generalis
875 927 945 949 con-

168 970 260 1001 sessio
279 993 290 1008 ,
320 970 455 1010 pectoris
483 969 591 1001 tunsio
607 994 615 1009 ,
647 979 741 1010 aquae
773 971 945 1002 benedictae

167 1023 308 1063 aspersio
320 1047 329 1062 ,
345 1023 449 1054 cordis
465 1023 630 1061 contristo,
648 1023 811 1055 Dominica
827 1024 944 1064 Oratio,

167 1077 306 1116 signatio
338 1077 377 1108 ab
405 1077 553 1117 episcopo
565 1101 574 1115 ,
602 1076 812 1108 Eucharistiae
835 1088 947 1118 sump-

167 1130 231 1168 tio,
256 1130 386 1161 ofl‘ensae
412 1131 601 1162 condonatio
615 1155 622 1168 ‚
649 1134 795 1163 extrema
817 1133 943 1172 unctio,

168 1183 245 1215 levis
260 1184 463 1224 poenitentia,
480 1185 658 1225 compassio
674 1186 825 1216 fraterna.

207 1234 241 1266 Si
256 1237 365 1266 autem
381 1238 427 1267 est
441 1238 530 1267 tanta
546 1236 742 1267 deordinatio
758 1237 943 1276 voluntatis,

167 1289 252 1328 quod
263 1289 409 1320 ordinem
423 1289 615 1320 exterminat
627 1291 855 1331 supradictum,
870 1293 946 1322 tunc

168 1341 299 1373 mortale
314 1345 360 1373 est
374 1345 540 1383 peccatum
551 1367 561 1382 ‚
577 1343 663 1384 quod
684 1345 786 1384 potest
800 1344 945 1375 conside-

166 1396 230 1426 rari
244 1398 402 1436 qnantum
417 1396 457 1428 ad
474 1397 696 1428 diffinitionem
705 1421 715 1436 ,
731 1399 942 1438 punitionem,

165 1452 195 1480 et
209 1450 442 1481 remissionem.
459 1450 621 1482 Diffinitur
634 1453 740 1482 autem
755 1452 795 1482 ab
810 1452 945 1483 Ambro-

164 1503 210 1534 sio
225 1503 291 1534 sic¹
312 1512 320 1534 :
341 1514 356 1532 «
378 1503 547 1535 Peccatum
569 1505 704 1536 mortale
718 1507 766 1536 est
788 1505 943 1545 praevari-

165 1558 245 1588 catio
258 1556 341 1597 legis
353 1557 482 1597 divinae,
498 1560 529 1589 et
540 1558 716 1589 coelestium
730 1559 945 1590 inobedientia

166 1611 391 1642 mandatorum
402 1636 411 1650 ,
444 1612 496 1643 vel
525 1614 771 1652 praeceptorum.
802 1623 816 1641 »
847 1612 945 1644 I’cena

164 1664 283 1704 peccati
298 1665 441 1696 mortalis
454 1667 502 1696 est
522 1667 642 1696 aeterna
658 1666 819 1697 damnatio
837 1677 843 1697 :
865 1667 945 1698 dici—

165 1722 217 1750 tur
231 1718 317 1749 enim
332 1720 477 1758 mortale,
494 1720 571 1760 quia
583 1729 640 1761 per
653 1720 759 1760 ipsum
775 1721 852 1752 vitae
868 1731 943 1762 gra-

165 1772 208 1803 tia
222 1773 366 1812 perditur
389 1773 423 1804 in
442 1774 591 1814 praesenti
603 1797 613 1812 ‚
631 1776 662 1805 et
685 1774 752 1807 vita
775 1775 888 1814 gloriae
911 1776 942 1807 in

164 1826 292 1865 futuro;
316 1828 348 1858 et
368 1827 414 1858 sic
435 1827 636 1858 contrahitur
655 1837 742 1859 mors
768 1829 888 1869 culpae,
912 1831 944 1861 et

165 1882 325 1922 infligitur
340 1890 426 1913 mors
444 1881 613 1921 gehennae.

203 1935 291 1967 Juste
309 1938 418 1967 autem
432 1938 562 1976 propter
577 1937 710 1968 mortale
720 1961 727 1974 ‚
745 1937 778 1968 in
793 1947 857 1977 quo
873 1938 944 1978 quis

164 1989 302 2020 finaliter
317 1992 516 2030 perseverat,
533 1990 799 2030 sempiternaliter
819 1991 941 2022 crucia-

164 2045 225 2074 tur.
264 2043 352 2074 Unde
381 2043 557 2074 secundum
590 2043 781 2083 Gregorium
806 2048 817 2063 ²
831 2069 837 2083 ‚
868 2045 944 2085 quia

164 2098 307 2136 peccator
331 2099 439 2136 peccat
462 2096 495 2126 in
517 2106 575 2127 suo
597 2099 733 2135 aeterno,
750 2098 944 2129 aeternaliter

164 2150 211 2179 est
235 2149 423 2180 cruciandus
437 2160 444 2186 ;
479 2150 656 2181 secundum
684 2151 908 2190 Augustinum
932 2154 942 2170 ³

164 2211 252 2240 vero,
269 2202 344 2242 quia
359 2204 466 2242 peccat
477 2204 588 2233 contra
602 2203 723 2233 bonum
739 2205 898 2235 aeternum
912 2207 943 2235 et

164 2255 338 2293 infinitum,
356 2255 549 2286 aeternaliter
563 2256 724 2295 punietur.

205 2307 341 2338 Curatur
360 2308 480 2346 autem,
511 2307 579 2338 sive
607 2307 780 2338 remittitur
810 2309 942 2340 mortale

165 2362 329 2400 peccatum
346 2370 403 2401 per
422 2361 604 2400 septiforme
618 2361 808 2400 remedium⁷
825 2361 942 2393 scilicet

166 2423 221 2454 per
234 2414 441 2454 baptismum,
463 2414 714 2454 eleemosynam,
737 2416 939 2455 martyrium,

166 2467 405 2498 conversionem
441 2469 665 2508 proximorum
677 2492 685 2507 ‚
722 2468 941 2500 dimissionem

165 2520 309 2559 injuriae,
327 2521 439 2552 fletum
456 2522 651 2561 poenitentiae
662 2545 671 2559 ,
688 2523 720 2552 et
734 2530 790 2561 per
805 2522 939 2561 dignam

167 2572 371 2605 Eucharistiae
403 2576 631 2615 sumptionem.
670 2575 804 2606 Attende
833 2577 940 2608 tamen

166 2626 251 2666 quod
274 2626 450 2666 baptismus
477 2630 508 2659 et
534 2628 720 2668 poenitentia
747 2637 812 2659 non
836 2629 939 2660 solum

198 2690 203 2702 ¹
219 2688 348 2718 Amin-os„
365 2688 394 2713 de
412 2691 512 2721 Pru-ml.²
540 2699 563 2715 0.
579 2697 634 2715 vni.
649 2704 680 2709 —
697 2691 707 2707 2
723 2692 809 2722 sireg„
829 2692 939 2724 Dsaloq.‚

1721 210 1775 240 351

1002 271 1110 302 valent
1124 273 1234 303 contra
1250 281 1377 313 poenam
1400 275 1517 314 peccati
1528 299 1538 314 ,
1553 285 1668 307 verum
1682 276 1780 308 etiam

1001 327 1111 356 contra
1135 325 1262 366 culpam
1275 337 1283 364 ;
1302 329 1417 359 caetera
1441 337 1518 360 vero
1542 329 1650 361 valent
1672 332 1781 362 eontra

1001 387 1128 419 poenam
1144 380 1280 411 tantum.
1298 379 1389 412 Unde
1402 391 1531 413 versus:

1049 443 1113 467 Sunt
1128 445 1243 474 septem,
1257 443 1342 468 delere
1359 444 1451 475 quibus
1465 445 1582 470 mortalia
1595 446 1692 477 p'ossis;

1049 478 1132 509 Fons,
1143 478 1317 511 eleemosyna,
1331 481 1491 512 martyrium,
1507 481 1643 506 conversio
1659 482 1780 514 fratrum5

1050 514 1078 538 ln
1096 516 1120 539 te
1137 515 1254 546 peccanti
1269 515 1412 546 dimittere,
1429 517 1490 541 sscrc
1508 519 1624 548 reatum;

1051 550 1192 582 Sanguinis
1209 552 1235 576 et
1249 552 1332 576 carnis
1347 552 1439 577 Chiisti
1455 553 1586 584 perceptio
1601 553 1686 584 digna.

1233 652 1428 686 SECTIO
1463 653 1552 687 VII.

1281 734 1319 760 De
1337 734 1508 768 ignorantia.

1042 809 1191 849 Sequitur
1217 809 1325 841 videre
1355 811 1394 842 de
1418 811 1575 842 divisione
1602 813 1721 852 peccati
1749 813 1781 844 in
1834 825 1904 846 neue-

1001 862 1162 902 delictum‚
1177 866 1208 894 et
1224 864 1443 895 commissum.
1461 864 1689 897 Praevaricatio
1703 876 1783 907 prae-
1798 857 1903 908 οζᾙζῗ*

1001 919 1166 956 ceptorum
1182 919 1229 948 est
1250 917 1418 956 delictum,
1440 918 1501 949 11οο
1521 921 1586 956 est,
1604 922 1783 960 transgres-
1798 925 1855 940 sum.

1001 969 1049 1000 sio
1077 973 1313 1011 praeceptorum
1344 972 1622 1004 affirmativorum.
1655 973 1782 1006 Praeva-

1000 1023 1111 1054 ricatio
1137 1024 1393 1063 prohibitionum
1418 1028 1467 1057 est
1489 1028 1705 1067 commissum,
1724 1028 1785 1059 hoc

1001 1078 1048 1107 est
1060 1100 1069 1115 ‚
1099 1078 1314 1116 transgressio
1347 1082 1580 1119 praeceptorum
1613 1083 1786 1120 negativo-

1001 1139 1085 1161 rum.
1116 1130 1314 1162 Differentiae
1342 1132 1446 1163 delicti
1475 1136 1550 1164 sunt
1577 1134 1784 1174 ignorantia,

1000 1183 1141 1222 omissio,
1157 1184 1368 1223 negligentia.
1387 1185 1545 1217 Delictum
1560 1186 1676 1218 dicitur
1693 1189 1785 1228 quasi

1001 1236 1184 1269 derelictum
1196 1261 1204 1276 ‚
1222 1237 1253 1268 id
1268 1240 1315 1268 est
1330 1239 1403 1269 boni
1424 1239 1571 1271 desertio.
1596 1240 1722 1272 Bonum
1739 1245 1786 1273 est
1820 1254 1906 1273 sonum

1001 1291 1136 1333 duplex,
1158 1292 1297 1324 scilicet:
1322 1293 1507 1333 sciendum,
1532 1296 1626 1336 cujus
1649 1296 1785 1328 desertio
1799 1284 1887 1311 ⁶¹¹¹*ss

1000 1344 1116 1376 dicitur
1137 1346 1321 1384 ignorantia
1331 1357 1338 1384 ;
1365 1349 1395 1377 et
1421 1347 1618 1389 faciendum,
1644 1349 1683 1380 ad
1699 1351 1785 1390 quod

1000 1398 1064 1430 duo
1091 1400 1320 1440 requiruntur,
1348 1401 1467 1432 scilicet
1491 1403 1576 1442 qnod
1602 1403 1658 1434 fiat
1680 1404 1785 1435 bonus

1000 1454 1101 1491 actus,
1115 1455 1209 1493 cujus
1221 1454 1355 1485 desertio
1367 1455 1482 1485 dicitur
1496 1456 1624 1487 omissio
1636 1467 1643 1495 3
1657 1459 1688 1488 et
1700 1458 1785 1498 quod

1001 1507 1080 1538 bene
1096 1508 1168 1546 fiat,
1192 1508 1224 1539 id
1241 1512 1288 1539 est
1308 1518 1381 1539 cum
1398 1509 1510 1540 debltis
1526 1511 1782 1551 circumstantiis,

1000 1570 1139 1600 quarum
1155 1562 1290 1593 desertio
1305 1563 1420 1593 dicitur
1440 1563 1651 1603 negligentia.

1041 1613 1128 1645 Circa
1149 1615 1366 1654 ignorantiam
1385 1617 1586 1657 quadruplex
1608 1618 1723 1650 divisio
1736 1623 1784 1651 est

999 1668 1202 1699 attendenda.
1219 1668 1328 1700 Prima
1344 1673 1390 1701 est
1405 1670 1476 1701 haec
1493 1680 1501 1702 ε
1519 1671 1706 1710 Ignorantia
1720 1674 1783 1705 alia
1796 1663 1904 1720 Ρζῗζὲζ,

1000 1721 1198 1761 negationis,
1214 1722 1276 1753 alia
1291 1723 1480 1763 privationis
1490 1748 1498 1762 ‚
1515 1724 1577 1755 alia
1592 1734 1702 1765 pravae
1717 1727 1780 1759 dis·
1796 1725 1860 1746 Vim

999 1775 1175 1815 positionis.
1192 1776 1379 1816 Ignorantia
1402 1778 1584 1818 negationis
1599 1780 1693 1811 estin
1708 1790 1781 1821 par-

1000 1828 1106 1867 vuliS‚
1137 1839 1210 1869 quae
1238 1840 1303 1862 non
1330 1833 1375 1862 est
1407 1832 1501 1872 culpa
1529 1842 1636 1873 neque
1663 1844 1779 1875 poena,

1000 1891 1103 1922 usque
1129 1883 1169 1914 ad
1201 1885 1397 1924 praefinitum
1427 1888 1564 1926 tempus.
1596 1887 1782 1926 Ignorantia

1000 1936 1191 1976 privationis
1206 1940 1252 1968 est
1273 1938 1308 1969 in
1329 1939 1465 1978 adultis,
1487 1940 1543 1980 qui
1569 1943 1711 1982 tempore
1726 1943 1781 1974 de-

999 1991 1172 2022 terminato
1196 1991 1350 2031 ignorant
1369 2002 1444 2032 quae
1469 1996 1595 2033 possent
1616 1995 1706 2034 scire,
1729 1996 1781 2028 vel

1000 2044 1089 2074 obliti
1104 2047 1180 2076 sunt
1197 2055 1270 2086 quae
1289 2046 1460 2086 aliquando
1476 2047 1663 2080 didicerunt.
1682 2048 1778 2089 Igno-

1000 2097 1104 2128 rantia
1117 2107 1227 2138 pravae
1242 2099 1457 2139 dispositionis
1472 2103 1529 2139 est,
1547 2111 1612 2141 qua
1627 2102 1700 2142 quis
1714 2103 1780 2143 opi-

999 2153 1095 2182 natur
1118 2153 1277 2183 contraria
1302 2153 1394 2191 fidei3
1421 2163 1495 2194 quae
1518 2157 1620 2194 potest
1645 2165 1780 2188 erronea

999 2203 1071 2241 dici,
1097 2207 1128 2235 et
1151 2207 1199 2235 est
1222 2205 1255 2236 in
1279 2205 1448 2237 haereticis.
1474 2207 1582 2239 Prima
1606 2212 1738 2240 excusat
1760 2220 1780 2241 a

1001 2258 1080 2294 toto;
1108 2258 1246 2289 secunda
1269 2268 1288 2289 a
1313 2262 1420 2299 parte,
1447 2269 1513 2291 non
1535 2270 1554 2291 a
1577 2263 1658 2301 t0t03
1685 2264 1779 2295 tertia

998 2312 1126 2341 accusat
1152 2310 1186 2341 in
1209 2313 1293 2350 toto,
1323 2313 1399 2352 quia
1424 2322 1608 2353 perversam
1633 2316 1778 2356 sequitur

1000 2365 1208 2397 voluntatem.

1039 2418 1184 2450 Secunda
1198 2420 1312 2452 divisio
1331 2425 1378 2453 est
1397 2423 1466 2454 haec
1484 2434 1490 2454 ;
1515 2424 1700 2464 Ignorantia
1714 2427 1776 2458 alia
1785 2418 1899 2458 'secunda⁴

997 2472 1080 2511 facti,
1092 2473 1154 2504 alia
1165 2474 1259 2514 juris.
1277 2474 1362 2506 Juris
1378 2486 1384 2506 :
1400 2479 1455 2507 aut
1466 2478 1550 2516 1]“111·15
1566 2481 1730 2519 naturalis,
1746 2483 1776 2512 et
1791 2468 1879 2489 dimi&

997 2526 1067 2556 haec
1082 2536 1147 2557 non
1162 2530 1302 2566 excusat,
1321 2538 1395 2559 cum
1407 2530 1448 2560 sit
1463 2531 1617 2571 scriptum
1632 2534 1666 2564 in
1682 2534 1776 2565 corde

997 2579 1152 2618 hominis;
1170 2581 1221 2612 vel
1231 2582 1316 2621 juris
1329 2582 1441 2622 divini,
1458 2586 1495 2615 ut
1510 2584 1614 2626 Legis,
1633 2586 1774 2628 Prophe-

1840 1632 1903 1657 Igno·

997 2660 1041 2684 lib.
1058 2662 1100 2690 lV,
1123 2668 1145 2684 c.
1167 2667 1235 2685 XLIV.
1260 2675 1283 2678 ——
1303 2663 1313 2678 ³
1331 2664 1407 2694 Aug„
1426 2663 1454 2687 (le
1475 2665 1551 2690 Cim.
1573 2668 1631 2698 Dei,
1649 2668 1693 2692 lib.
1710 2670 1774 2700 XM,

997 2702 1026 2721 c.'
1039 2703 1088 2720 511.
