2003 3037
87 454 178 476 Homini

71 493 85 508 ι
98 486 182 514 prine-

71 518 109 546 pio
118 518 170 539 data

765 203 883 237 PART.
907 201 963 235 ΙΙΙ.
986 198 1093 233 SEGT.
1116 197 1240 231 XXVII.

430 290 579 328 SECTIO
606 288 731 325 XXVI.

221 378 259 406 De
273 378 328 404 toto
343 374 450 404 homine
465 380 499 401 em
513 377 623 407 corpore
637 371 663 398 et
676 369 772 397 anima
786 366 939 396 constituto.

234 445 305 478 lam
323 444 417 478 tertio
437 444 486 476 est
503 440 680 474 videndum
697 439 736 471 de
755 439 821 469 toto
841 434 974 468 homine

195 510 235 532 ex
248 499 357 532 anima
371 500 402 530 et
415 505 547 538 corpore
561 493 744 526 constituto.
764 491 805 523 De
820 499 885 531 qno
899 489 975 521 doc-

196 553 351 586 trinaliter
368 553 416 584 est
433 549 625 587 tenendum,
641 546 727 588 quod
742 544 866 576 homini
883 543 976 575 datus

194 611 241 641 est
254 607 373 649 duplex
387 613 508 644 sensus,
527 603 646 635 scilicet
659 600 791 632 interior
808 599 874 630 sive
890 606 978 629 men-

195 663 250 702 tis,
265 663 297 694 et
310 660 451 693 exterior
473 658 541 691 sive
555 656 671 689 carnis.
691 654 787 686 Datus
807 654 854 684 est
873 652 902 684 ei
917 651 978 683 du-

195 716 270 757 plex
289 716 412 753 motus,
429 712 548 744 scilicet
567 711 730 751 imperans
750 708 784 738 in
799 707 975 743 voluntate,

195 772 227 802 et
240 777 404 810 exequens
418 767 453 799 in
467 773 610 806 corpore.
630 764 744 795 Datum
758 763 804 792 est
816 761 843 792 ei
859 759 978 800 duplex

195 825 318 856 bonum
329 847 337 862 ,
358 831 462 854 unum
484 819 610 851 visibile
624 843 631 856 ,
648 817 785 848 alterum
803 814 976 847 invisibile.

197 878 311 910 Datum
343 878 390 908 est
418 875 447 906 ei
473 873 591 914 duplex
617 872 834 912 praeceptum,
863 868 980 899 scilicet

197 934 334 969 naturae,
346 931 378 961 et
392 927 581 968 disciplinae.
599 925 801 965 Praeceptum
811 926 937 954 natnrae
948 923 956 938 ¹
970 933 976 952 :

201 985 336 1018 Crescite
351 987 380 1016 et
399 980 679 1022 multiplicamini.
697 979 896 1018 Praeceptum
915 977 979 1007 ‹iis-

198 1039 345 1080 ciplinae²
365 1048 372 1068 :
390 1037 432 1068 De
455 1036 543 1076 liqno
557 1034 702 1066 scientia>
717 1032 791 1064 boni
806 1034 834 1063 et
852 1031 929 1062 mali
943 1039 981 1062 ne

199 1092 356 1125 comedas.
380 1090 495 1122 Datum
517 1091 564 1120 est
584 1088 612 1118 ei
632 1085 834 1127 quadruplex
854 1085 978 1124 01131110-

200 1147 303 1186 rium,
319 1145 437 1176 scilicet
449 1143 609 1181 scientiae,
627 1143 658 1173 et
674 1139 886 1178 conscientiae,
903 1149 978 1179 syn-

202 1201 335 1239 deresiS,
358 1203 389 1231 et
412 1198 538 1239 gratiae.
562 1197 599 1228 Et
622 1196 666 1226 sic
687 1196 789 1235 potest
810 1194 921 1234 colligi
942 1204 983 1225 ex

202 1254 382 1296 praedictis,
406 1252 491 1293 qnod
518 1253 664 1282 creatura
686 1249 799 1280 mundi
823 1250 869 1279 est
892 1248 983 1288 quasi

203 1308 335 1348 quidam
354 1307 445 1344 liber,
462 1306 496 1336 in
511 1313 576 1345 quo
591 1303 720 1341 retum-t,
736 1304 984 1343 repraesentatur

205 1364 236 1394 et
265 1361 390 1401 legitur
422 1359 560 1398 Trinitas
594 1356 776 1388 fabricatrix
806 1355 984 1386 secundum

204 1416 362 1456 triplicem
382 1414 513 1446 modum
534 1411 767 1453 expressionis,
790 1409 908 1440 scilicet
929 1418 985 1449 per

206 1470 338 1501 modum
357 1467 503 1507 vestigii,
528 1475 584 1507 per
607 1465 740 1496 niodum
764 1463 938 1502 imaginis,
955 1464 986 1493 et

206 1533 262 1565 per
290 1523 423 1555 modum
446 1519 666 1552 similitudinis
693 1529 699 1549 :
725 1519 768 1548 ita
794 1517 880 1557 qnod
905 1516 986 1546 ratio

206 1577 334 1617 vestigii
367 1576 532 1607 invenitur
561 1574 594 1604 in
630 1572 784 1604 creaturis
816 1570 984 1608 omnibus;

207 1633 288 1664 ratio
304 1630 470 1670 imaginis,
485 1629 517 1659 in
533 1628 608 1659 solis
623 1625 901 1663 iiitcllectualilms,
920 1625 987 1655 sive

207 1685 436 1723 rationalibus3
469 1683 548 1713 ratio
579 1679 799 1712 similitudinis
812 1703 819 1717 ,
852 1679 884 1708 in
913 1677 988 1707 solis

208 1739 415 1772 deiformibus
427 1739 481 1775 (α).
497 1736 607 1768 Omnis
621 1735 707 1766 enim
718 1735 874 1771 creatura,
890 1732 987 1762 Deum

208 1793 330 1824 habens
353 1794 388 1823 ut
410 1790 605 1831 principium
618 1813 626 1826 ‚
645 1788 869 1827 configuratur
884 1786 912 1816 ei
933 1795 989 1826 per

209 1847 376 1884 unitatem,
395 1845 562 1876 veritatem
579 1846 610 1874 et
625 1842 810 1878 bonitatem,
824 1842 855 1871 et
868 1840 930 1870 hoc
945 1841 991 1870 est

209 1900 407 1939 vestigium;
442 1898 562 1928 habens
598 1896 697 1926 Deum
738 1897 774 1924 ut
807 1894 988 1933 objectum,

211 1954 318 1994 ipsum
337 1953 419 1993 capit
440 1960 495 1992 per
520 1949 726 1987 memoriam,
744 1946 991 1986 intelligentiam

212 2010 243 2038 et
256 2007 464 2044 voluntatem,
477 2005 547 2036 haec
557 2005 603 2034 est
617 2003 727 2042 imago
739 2013 746 2040 3
760 2001 881 2031 habens
893 2000 992 2030 Deum

212 2063 249 2092 ut
279 2061 399 2092 donum
430 2059 592 2096 infusum,
624 2056 846 2094 configuratur
880 2053 909 2084 ei
938 2062 993 2092 per

215 2115 329 2153 fidem,
347 2122 434 2154 spem
455 2115 485 2143 et
508 2111 712 2147 charitatem,
730 2109 798 2139 sive
820 2117 876 2148 per
895 2107 994 2137 visio-

216 2177 308 2205 nem,
324 2167 516 2203 tentionem,
534 2168 564 2195 et
582 2164 754 2204 perfectam
770 2161 971 2192 dilectionem
985 2171 991 2190 :

217 2221 250 2251 in
264 2220 323 2251 hoc
339 2222 386 2250 est
405 2218 591 2249 similitudo.

258 2273 296 2305 Et
310 2273 386 2313 quia
399 2272 510 2311 imago
525 2272 573 2301 est
594 2278 745 2310 expressa
764 2267 948 2305 similitudo,
966 2269 996 2297 et

218 2328 287 2359 haee
309 2328 340 2358 in
365 2328 511 2357 creatura
532 2323 697 2355 rationalis
718 2321 893 2352 secundum
919 2329 995 2359 gra-

219 2382 296 2412 dum
312 2380 469 2421 triplicem
484 2378 648 2409 invenitur
662 2387 669 2415 3
686 2375 836 2415 ampliato
852 2374 997 2411 nomine,

201 2436 322 2475 'potest
342 2432 497 2473 distingui
520 2431 637 2471 triplex
660 2431 771 2468 imago
796 2428 828 2458 in
854 2430 999 2458 creatura

131 2550 207 2575 Imago

116 2581 196 2607 triplex

104 2613 126 2633 in
141 2612 212 2632 homi-

104 2649 139 2664 ne,

220 2488 378 2525 rationali,
395 2496 459 2527 qua
472 2483 720 2526 repraesentatur
738 2491 885 2521 expresse
894 2480 998 2511 Trini-

223 2544 269 2572 tas
288 2540 484 2572 fabricatrix.
508 2539 561 2570 Est
583 2538 668 2569 enim
686 2537 796 2575 imago
819 2533 997 2572 creationis,

225 2604 296 2635 quae
310 2594 451 2626 consistit
466 2594 500 2624 in
518 2592 616 2623 tribus
627 2589 774 2631 potentiis
787 2588 861 2619 etin
878 2587 1000 2617 unitate

225 2649 409 2679 „ubstantiae
430 2659 436 2678 :
460 2647 504 2677 ita
519 2645 604 2686 quod
625 2643 781 2675 memoria
794 2642 1001 2681 repraesentat

260 2714 265 2729 ¹
283 2711 353 2740 Gen„
371 2717 388 2741 1,
398 2711 436 2734 28.
447 2723 478 2728 -
492 2710 503 2725 2
518 2709 590 2737 Gen„
605 2714 633 2738 11,
651 2708 688 2732 Π.
702 2719 731 2725 -
745 2706 755 2722 ⁸
767 2704 923 2734 Gal.,1v,4.

1752 193 1810 226 3⁹7

1030 267 1173 306 Patrem,
1202 265 1417 306 intelligentia
1439 263 1578 302 Filium,
1606 263 1638 294 et
1661 261 1812 294 voluntas

1029 322 1183 364 Spiritum
1198 322 1346 353 sanctum
1359 332 1367 359 ;
1385 319 1564 352 substantia
1577 326 1656 351 vero
1669 317 1788 349 animae
1801 341 1809 355 ‚

1029 386 1104 409 cnm
1128 376 1168 407 sit
1189 384 1269 414 una,
1293 375 1502 415 repraesentat
1524 373 1645 404 divinae
1666 371 1812 403 essentiae

1029 431 1199 462 unitatem.
1230 429 1284 461 Est
1309 428 1405 460 etiam
1440 428 1552 468 imago
1587 425 1812 464 recreationis,

1031 493 1106 525 quae
1131 483 1273 515 consistit
1297 483 1330 513 in
1359 482 1462 513 tribus
1486 479 1663 513 virtutibus
1689 478 1812 510 theolo-

1033 538 1130 579 gicis,
1155 539 1186 569 et
1209 537 1332 569 unitate
1357 536 1471 576 gratiae
1497 536 1628 575 gratum
1650 532 1814 564 facientis:

1031 593 1078 624 ita
1101 592 1186 633 quod
1211 591 1290 623 fides
1316 590 1524 631 repraesentat
1551 588 1689 625 Filium
1721 596 1813 627 spes,

1034 646 1181 684 Pat1·em;
1213 647 1245 677 et
1279 644 1437 682 charitas,
1468 643 1624 684 Spiritum
1653 643 1813 680 sanctum;

1033 701 1141 732 unitas
1159 708 1237 731 vero
1253 698 1369 739 gratiae
1388 699 1515 737 gratum
1537 696 1682 728 facientis
1697 704 1817 736 reprae-

1034 756 1136 786 sc-ntat
1151 753 1299 785 essentiae
1314 752 1483 784 unitatem.
1507 750 1561 782 Est
1575 751 1606 781 et
1621 750 1730 790 imago
1745 749 1818 789 glo-

1035 807 1235 846 rificationis,
1261 815 1334 847 qnae
1357 804 1500 836 consistit
1520 804 1552 834 in
1572 803 1676 834 tribus
1691 802 1819 834 dotibus

1036 862 1198 902 gloriosis,
1215 863 1246 892 et
1263 860 1385 892 unitate
1401 858 1534 899 gloriae:
1551 858 1596 889 ita
1610 857 1695 898 qnod
1711 859 1820 897 aperta

1035 917 1116 947 visio
1139 916 1345 955 repraesentat
1366 913 1503 950 Filinrn3
1521 920 1634 943 secura
1653 910 1752 941 tentio
1768 919 1821 941 re-

1036 972 1207 1012 praesentat
1226 969 1352 1000 Patrem
1367 978 1375 1005 3
1393 967 1530 1007 perfecta
1551 965 1675 996 dilectio
1689 991 1696 1001 ‚
1718 963 1819 1004 Spiri-

1036 1027 1105 1056 tum
1133 1026 1300 1061 sanctum;
1329 1021 1436 1053 unitas
1461 1030 1539 1051 vero
1563 1019 1677 1060 gloriae
1700 1027 1822 1058 reprae-

1037 1079 1141 1109 sentat
1160 1077 1317 1108 unitatem
1338 1075 1497 1107 essentiae.
1520 1073 1629 1104 Prima
1649 1073 1760 1112 imago
1775 1072 1824 1102 est

1037 1133 1222 1163 animarum
1235 1140 1253 1161 a
1267 1130 1331 1161 Deo
1341 1129 1532 1160 exeuntium
1543 1137 1600 1168 per
1610 1127 1802 1158 creationem
1813 1137 1821 1164 ;

1038 1186 1181 1217 secunda
1196 1187 1243 1216 est
1259 1185 1299 1215 ad
1312 1184 1414 1215 Deum
1436 1181 1648 1213 redeuncium
1663 1189 1719 1221 per
1729 1179 1824 1220 justi-

1039 1240 1246 1277 ficationen13
1264 1238 1357 1269 tertia
1381 1239 1427 1268 est
1446 1236 1486 1267 ad
1510 1235 1611 1266 Deum
1635 1233 1823 1275 pervenien-

1041 1294 1122 1324 tium
1156 1302 1213 1333 per
1252 1290 1531 1331 glorificationem.
1567 1288 1673 1319 Prima
1710 1287 1825 1318 dicitur

1039 1347 1178 1388 propriae
1200 1347 1311 1386 imago
1338 1347 1483 1382 natnrae,
1507 1346 1538 1375 et
1561 1347 1608 1374 est
1633 1342 1825 1382 angelorum

1040 1403 1186 1433 omnium
1198 1403 1229 1432 et
1242 1401 1389 1432 omnium
1409 1399 1614 1430 rationalium
1625 1397 1822 1434 animarum;

1041 1456 1182 1488 secunda
1212 1456 1328 1486 dicitur
1358 1454 1533 1485 similitudo
1562 1453 1695 1492 gratiae,
1722 1454 1752 1482 et
1780 1453 1827 1482 est

1043 1510 1233 1550 angelorum
1250 1517 1480 1540 conversorum
1493 1509 1524 1538 et
1535 1507 1717 1537 animarum
1726 1506 1827 1545 justa—

1045 1574 1118 1594 rum
1132 1588 1141 1602 ,
1158 1573 1221 1594 non
1238 1565 1347 1594 autem
1363 1562 1547 1593 daenionum
1558 1585 1565 1599 ,
1582 1569 1642 1591 nec
1657 1559 1826 1590 hominum

1042 1622 1266 1658 peccaminum
1286 1616 1377 1646 tertia
1398 1616 1513 1646 dicitur
1536 1613 1733 1645 deiformitas
1756 1613 1826 1653 glo-

1042 1672 1100 1704 riae
1112 1697 1119 1708 ,
1137 1674 1167 1702 et
1189 1673 1236 1702 est
1259 1670 1451 1709 angelorum
1471 1671 1658 1700 sanctorum
1673 1671 1704 1698 et
1719 1668 1826 1698 beata-

1043 1735 1117 1756 rum
1143 1725 1340 1756 animarum.
1365 1723 1441 1754 Haec
1463 1725 1570 1753 antem
1593 1723 1654 1753 tria
1678 1725 1829 1762 operatur

1044 1779 1146 1810 tribus
1168 1778 1292 1809 vicibus
1315 1787 1371 1817 per
1391 1777 1540 1816 singulos
1558 1776 1732 1807 hominum
1752 1776 1830 1806 bea-

1044 1836 1152 1864 torum
1167 1832 1352 1871 benignitas
1367 1831 1553 1862 Salvatoris.

1282 1942 1432 1976 SECTIO
1456 1941 1595 1975 XXVII.

1176 2028 1214 2054 De
1232 2028 1330 2054 unione
1348 2028 1510 2053 naturarum
1530 2026 1560 2051 in
1581 2024 1698 2051 Christo.

1089 2105 1261 2145 Postquam
1274 2104 1417 2135 vidimus
1430 2104 1469 2134 de
1482 2103 1566 2133 bono
1582 2103 1734 2140 increato,
1749 2100 1834 2142 qnod

1049 2162 1096 2189 est
1112 2159 1210 2196 Deus,
1229 2161 1260 2189 et
1276 2159 1313 2188 dc.
1328 2159 1414 2188 bono
1430 2159 1552 2194 creato,
1575 2156 1661 2197 quod
1676 2158 1722 2186 est
1738 2165 1834 2185 mun-

1050 2213 1111 2243 dus
1124 2236 1132 2250 ,
1150 2212 1327 2242 videndum
1343 2213 1387 2241 est
1403 2210 1522 2250 aliquid
1541 2210 1579 2240 de
1595 2211 1678 2240 bono
1694 2219 1732 2239 ex
1748 2210 1835 2239 utro-

1050 2276 1112 2305 que
1136 2267 1327 2305 conjugato,
1352 2264 1436 2304 qnod
1458 2266 1505 2293 est
1527 2263 1679 2293 Christus.
1705 2263 1748 2293 De
1769 2272 1833 2302 quo

1052 2319 1190 2350 breviter
1210 2319 1271 2349 tria
1293 2319 1366 2348 sunt
1391 2316 1544 2353 videnda,
1565 2316 1684 2346 scilicet
1700 2319 1834 2346 natura-

1051 2382 1124 2403 rum
1140 2372 1284 2409 sociatio,
1305 2371 1484 2410 gratiarum
1502 2370 1702 2408 exuberatio,
1720 2372 1751 2400 et
1766 2378 1830 2409 poe-

1055 2436 1170 2456 narum
1186 2425 1342 2455 toleratio.
1772 2418 1775 2422 ’

1094 2481 1256 2517 Quantum
1271 2479 1310 2509 ad
1326 2480 1517 2508 naturarum
1528 2477 1680 2507 unionem
1700 2476 1729 2506 in
1748 2475 1836 2506 Chri-

1054 2535 1122 2570 sto,
1140 2536 1247 2563 tenere
1268 2532 1438 2568 debemus,
1462 2530 1546 2570 qnod
1565 2530 1597 2559 in
1618 2530 1680 2559 tine
1703 2529 1836 2559 saeculo-

1054 2595 1147 2624 rum,
1172 2585 1302 2626 qactnclo
1326 2585 1336 2601 ³
1360 2585 1446 2615 venit
1476 2582 1644 2623 plenitudo
1667 2583 1835 2622 temporis,

1055 2642 1125 2679 post
1146 2639 1255 2677 legem
1283 2639 1408 2668 naturae
1431 2639 1463 2667 et
1488 2636 1673 2676 scripturae,
1694 2638 1765 2676 post
1784 2645 1837 2676 pa-

1090 2701 1120 2731 (α)
1137 2701 1199 2725 Coet.
1215 2700 1277 2724 edit.
1293 2699 1465 2730 deformibus,
1479 2698 1600 2722 mendose.
