2003 3037
103 623 174 650 Origi-

68 656 118 676 nale
123 661 164 682 pen
169 666 174 670 -

81 688 155 708 catum

89 717 151 738 varia

77 749 167 770 sortitur

67 779 174 800 voeabula

812 221 929 254 PART.
954 222 978 254 1.
1001 223 1110 256 SECT.
1133 225 1169 257 V.

187 294 294 325 actum
318 294 350 324 ct
374 293 498 324 motum
517 289 798 331 concupiscentiae;
816 290 860 321 sic
874 299 964 322 cura-

188 349 242 377 tur
263 346 295 377 in
316 347 459 386 parente,
477 344 562 385 quod
583 343 796 375 nihilominus
812 353 830 374 a
854 346 966 375 curato

189 403 320 441 parente
330 400 557 432 transmittitur
570 399 604 430 in
621 402 807 439 generatam
822 398 943 439 prolem
957 410 964 437 ;

190 455 235 485 sic
257 454 380 486 tollitur
401 453 571 494 originalis
594 453 696 493 culpae
716 453 861 491 macula,
880 452 966 492 quod

189 507 338 537 remanet
352 505 481 546 sequela
490 528 498 542 ‚
513 513 585 536 cum
600 513 664 545 qua
678 505 803 544 oportet
814 513 873 535 nos
887 513 927 544 pu
933 512 968 543 g-

191 569 284 598 uare,
301 559 445 600 quandiu
460 558 601 591 vivimus
614 557 648 588 in
663 558 723 588 hac
738 557 814 589 vita.

231 612 424 644 Nominatur
447 613 553 644 autem
576 611 734 652 originale
757 611 891 643 diversis
915 620 968 642 vo-

191 667 322 703 cabulis,
339 668 405 697 tam
420 675 459 696 ex
475 667 565 706 parte
580 665 695 706 culpae,
712 674 808 706 quam
826 675 866 696 ex
880 667 968 705 parte

192 729 305 761 pcrnae.
323 719 549 759 comparatum
566 719 653 750 enim
669 719 708 750 ad
724 719 878 757 animam,
894 718 968 750 dici<

191 776 243 805 tur
264 773 459 813 infirmitas,
476 772 553 813 quia
574 773 678 804 reddit
698 772 839 803 animam
864 772 969 812 impo-

190 830 308 858 tentem
332 814 480 858 resistere
504 826 656 857 motibus.
673 825 796 856 Dicitur
817 826 966 865 foectz'taS,

190 881 267 921 quia
281 881 458 912 secundum
473 889 545 911 eam
560 880 667 910 anima
688 880 810 910 ratione
828 880 969 920 corporis

190 934 427 975 coinquinatur.
445 934 567 965 Dicitur
586 934 737 974 pronitas
749 957 759 972 ,
777 936 906 974 propter
920 934 968 964 in-

190 988 393 1019 clinationem
425 987 586 1028 appetitus
614 987 653 1017 ad
681 987 816 1018 malum.
850 987 970 1018 Dicitur

190 1042 353 1081 corruptio
367 1064 377 1079 ‚
398 1041 474 1081 quia
497 1040 585 1072 ducit
607 1040 645 1071 ad
668 1040 827 1078 nihilum,
853 1040 970 1071 scilicet

190 1096 229 1126 ad
246 1097 422 1136 peccatum.
438 1094 559 1126 Dicitur
572 1095 711 1133 vilium,
728 1094 804 1134 quia
818 1094 970 1125 diminuit

190 1149 354 1180 naturales
369 1149 516 1181 virtutes.
531 1148 653 1180 Dicitur
674 1148 811 1189 languor
825 1151 967 1187 naturoe,

190 1205 320 1244 propter
340 1203 586 1234 diminutionem
604 1202 680 1233 boni
694 1202 848 1233 naturalis
864 1203 894 1232 et
914 1202 969 1232 de-

191 1257 353 1288 trembilis.
370 1257 596 1297 Comparatum
611 1265 687 1287 vero
709 1256 749 1287 ad
771 1265 905 1296 corpus,
921 1256 970 1286 di-

191 1311 272 1341 citur
290 1311 343 1342 lcoe
358 1310 484 1349 carnis,
509 1310 584 1350 quia
598 1312 645 1341 est
659 1318 754 1350 poena
773 1319 792 1340 a
810 1309 883 1348 lege
898 1310 968 1349 jus-

191 1365 268 1395 titia}
283 1364 471 1396 naturaliter
482 1364 612 1395 inflicta.
625 1363 745 1395 Dicitur
759 1363 810 1395 lex
824 1362 970 1394 membro-

190 1426 281 1456 rum,
304 1418 380 1458 quia
403 1419 535 1458 praestat
555 1417 768 1458 aptitudinem
791 1417 830 1448 ad
856 1417 969 1448 sacien-

191 1471 269 1501 (lum
282 1481 379 1512 opera
392 1471 485 1503 mala.
502 1471 623 1502 Dicitur
642 1476 804 1511 tyrannus
815 1495 824 1510 ,
841 1473 969 1511 propter

191 1525 441 1556 dominationem
471 1526 564 1565 quasi
588 1525 762 1557 violentam
795 1526 828 1555 in
857 1534 970 1556 concu-

190 1578 362 1619 piscent-iis.
393 1578 513 1609 Dicitur
541 1579 660 1618 fomes,
691 1579 768 1618 quia
800 1580 848 1609 est
875 1588 970 1609 causa

193 1632 365 1662 materialis
386 1631 595 1662 conservandi
621 1634 784 1672 peccatum
807 1632 841 1662 iu
862 1641 968 1663 carne.

191 1685 381 1716 Ambrosius
393 1709 401 1723 ‚
428 1685 587 1716 diffiniens
606 1685 749 1716 fomitem
767 1710 774 1724 ‚
800 1686 875 1716 dicit
898 1686 942 1717 sic
961 1697 967 1717 z

197 1751 211 1767 «
227 1739 341 1770 fomes
355 1741 402 1770 est
420 1739 587 1770 morbidus
600 1739 731 1779 quidam
748 1740 896 1778 affectus,
915 1740 970 1780 qui

194 1795 375 1825 commovet
389 1793 426 1823 ad
442 1792 589 1824 illicitum
604 1793 795 1824 desiderium
812 1796 970 1833 quantum

193 1847 355 1878 adactum
378 1846 574 1886 generativae
596 1849 627 1877 et
649 1847 826 1879 nutritivae.
843 1846 972 1885 Compa-

194 1902 302 1931 ratum
317 1899 356 1930 ad
371 1901 460 1930 actus
476 1899 674 1931 delectabiles
692 1900 818 1932 illicitos
829 1925 836 1938 ‚
856 1901 971 1932 dicitur

194 1954 453 1994 concupiscentia
472 1953 524 1985 vel
548 1954 857 1994 concupiscibilitas.
882 1955 973 1986 Diffe-

193 2010 271 2039 ruut
303 2010 411 2039 tamen
429 2031 438 2046 ,
465 2008 541 2047 quia
573 2008 867 2048 concupiscibilitas
897 2009 973 2040 dicit

193 2062 367 2103 potentiam
379 2086 389 2101 ,
405 2063 664 2102 concupiscentia
684 2072 761 2093 vero
783 2065 901 2094 actum.
920 2063 972 2093 Di-

195 2116 278 2146 citur
293 2116 389 2146 etiam
408 2115 526 2153 libido,
550 2116 626 2155 quia
649 2117 794 2156 sequitur
818 2116 973 2156 quidquid

195 2169 291 2208 libet,
308 2169 426 2200 scilicet
451 2169 660 2208 voluptuosas
690 2170 911 2201 delectationes
940 2171 973 2201 in

197 2232 304 2254 sensu.
336 2223 561 2262 Comparatum
589 2231 666 2253 vero
694 2223 732 2253 ad
761 2232 909 2263 poeuaui,
934 2224 974 2255 ad

196 2286 294 2316 quam
314 2276 455 2315 obligat,
473 2275 587 2306 dicitur
605 2280 772 2315 peccatum
795 2277 972 2317 oriqz'mzle,

198 2331 274 2370 quia
297 2332 344 2361 est
360 2331 498 2361 carentia
512 2330 563 2362 vel
578 2331 707 2362 nuditas
722 2330 836 2362 debitae
860 2334 891 2362 et
910 2332 974 2362 ori-

199 2384 316 2423 ginalis
325 2384 470 2424 justitiae.

479 2493 582 2527 SECT
586 2493 627 2527 10
651 2494 692 2528 V.

441 2575 479 2601 De
494 2577 603 2609 peccato
623 2575 734 2602 actuali.

242 2650 393 2691 Sequitur
409 2652 518 2684 videre
532 2653 571 2684 de
590 2655 718 2693 peccato
743 2653 869 2685 actuali.
888 2653 976 2685 Circa

201 2705 288 2747 quod
308 2708 446 2746 quatuor
466 2707 652 2746 videamus,
678 2709 794 2739 scilicet
815 2708 977 2739 diffinitio-

1741 226 1800 257 349

1022 300 1096 323 nem
1116 293 1339 333 essentialem,
1359 294 1610 334 originalitatem
1623 318 1631 332 ,
1654 293 1801 325 differen-

1021 345 1099 376 tiam
1115 347 1328 387 materialem,
1345 351 1376 379 et
1390 348 1615 388 majoritatem.

1063 400 1223 433 Dittinitur
1255 404 1364 434 autem
1394 405 1559 444 peccatum
1594 401 1716 434 actuale
1742 401 1797 433 sic.
1824 404 1922 455 ‘Pecca-

1023 454 1189 486 Peccatum
1205 456 1329 487 actuale
1347 459 1394 487 est
1413 456 1554 487 carentia
1578 455 1692 487 debitae
1709 455 1801 495 justi·
1833 441 1915 488 *2312oe

1022 509 1092 548 tiae,
1118 509 1199 540 farta
1222 519 1279 550 per
1302 510 1548 541 inobedientiam
1576 510 1714 550 propriae
1739 519 1800 540 vo-
1823 497 1914 555 2322?

1023 562 1174 602 luntatis3
1192 563 1243 595 vel
1267 568 1312 594 est
1335 564 1461 595 aversio
1486 564 1526 594 ab
1546 563 1800 595 incommutabili
1824 562 1852 615 ‘13
1861 569 1912 615 υἷ’·

1023 616 1108 648 hono
1120 640 1128 654 ,
1143 619 1173 647 et
1188 617 1228 648 ad
1243 617 1366 648 bonnm
1380 617 1605 648 commutabile
1618 617 1798 648 conversio.
1815 600 1842 621 ΡΘ
1853 601 1876 616 η
1887 600 1921 615 ω’

1023 670 1135 701 Trahit
1149 672 1257 702 autem
1277 673 1442 711 peccatum
1465 671 1587 702 actuale
1608 670 1770 710 originem
1784 679 1802 700 a

1023 723 1124 755 libera
1139 725 1302 755 voluntate
1323 725 1575 765 uniuscujusque
1596 734 1652 765 per
1667 733 1802 764 sugges-

1024 777 1144 809 tionem
1157 802 1164 816 ,
1182 780 1213 809 et
1236 778 1476 810 delectationem
1497 803 1505 816 ,
1532 788 1724 809 consensum
1739 801 1747 816 ,
1771 779 1802 808 et

1025 831 1254 870 operationem.
1271 830 1304 862 Si
1319 833 1426 862 autem
1443 831 1608 871 suggestio
1623 833 1654 862 et
1669 831 1803 862 delecta-

1024 885 1068 916 tio
1083 885 1172 916 sistat
1182 885 1260 916 citra
1275 894 1467 916 consensum
1476 909 1486 924 ,
1504 887 1670 925 peccatum
1687 886 1733 915 est
1750 893 1802 915 ve-

1024 939 1124 977 niale3
1140 939 1166 969 si
1181 941 1289 970 autem
1304 941 1457 979 sequatur
1471 947 1643 970 consensus
1651 962 1661 977 ,
1679 940 1709 968 et
1721 947 1802 977 opus

1024 992 1056 1022 in
1072 992 1124 1022 his
1138 1001 1212 1032 quae
1228 992 1336 1023 divina
1352 992 1423 1031 lege
1443 992 1656 1032 prohibentur
1667 1016 1675 1030 ‚
1692 1000 1800 1031 pecca-

1025 1048 1095 1076 tum
1114 1048 1162 1076 est
1190 1046 1324 1077 mortale
1346 1047 1617 1076 consummatum.
1642 1044 1674 1075 Si
1694 1047 1802 1075 autem

1025 1098 1129 1130 medio
1143 1099 1238 1130 modo
1253 1099 1327 1137 fiat,
1343 1101 1380 1129 ut
1398 1099 1439 1129 sit
1459 1107 1632 1129 consensus
1647 1098 1716 1128 sine
1730 1107 1803 1138 opc-

1023 1161 1069 1191 re,
1083 1152 1143 1182 hoc
1155 1154 1334 1192 potestesse
1348 1151 1533 1192 dupliciter:
1548 1151 1625 1191 quia
1639 1153 1694 1181 aut
1705 1151 1803 1182 homo

1024 1205 1094 1237 vult
1110 1205 1142 1236 in
1164 1214 1245 1245 opus
1263 1205 1434 1245 procedere
1445 1229 1455 1244 ,
1476 1205 1530 1236 sed
1554 1214 1619 1236 non
1634 1206 1756 1245 potest,
1773 1205 1804 1235 et

1025 1261 1102 1290 tuuc
1116 1259 1264 1290 voluntas
1275 1269 1332 1300 pro
1344 1261 1424 1290 facto
1434 1261 1613 1299 reputatur,
1626 1267 1684 1289 nec
1698 1258 1805 1289 minus

1026 1313 1191 1354 culpabilis
1205 1316 1267 1352 est,
1286 1323 1385 1353 quam
1403 1313 1479 1344 siin
1502 1313 1569 1353 ipso
1589 1313 1670 1343 facto
1692 1312 1804 1352 depre-

1024 1367 1217 1398 henderetur
1226 1378 1233 1405 ;
1246 1369 1302 1398 aut
1315 1376 1380 1398 non
1393 1366 1463 1398 vult
1476 1367 1509 1397 iu
1524 1376 1605 1406 opus
1623 1366 1802 1406 procedere,

1025 1420 1081 1452 sed
1097 1420 1165 1451 vult
1182 1421 1318 1451 interius
1339 1420 1497 1461 voluptari
1523 1421 1556 1450 in
1577 1420 1801 1458 delectatione,

1025 1477 1056 1505 et
1070 1473 1158 1514 thnc,
1175 1475 1247 1506 licet
1265 1484 1329 1506 non
1345 1475 1385 1505 sit
1396 1476 1558 1514 peccatum
1575 1473 1715 1513 plenarIc
1728 1483 1802 1504 con-

1026 1532 1225 1559 summatum
1235 1552 1245 1566 ,
1261 1530 1308 1559 est
1322 1531 1430 1559 tamen
1449 1528 1532 1558 inter
1546 1527 1692 1558 mortalia
1706 1537 1801 1567 repu-

1026 1583 1177 1621 tandum,
1195 1582 1279 1622 quod
1296 1582 1436 1613 maxime
1450 1582 1489 1613 de
1512 1581 1645 1622 peccatis
1667 1580 1805 1611 carnali-

1027 1636 1086 1667 bus
1100 1636 1198 1667 habet
1213 1636 1361 1676 intelligi.

1066 1689 1259 1721 Differentiae
1271 1689 1452 1720 materiales
1461 1689 1593 1720 actualis
1603 1689 1721 1729 peccati
1732 1691 1806 1720 sunt
1848 1698 1925 1718 peeca-

1027 1743 1115 1782 duae,
1134 1744 1251 1774 scilicet
1266 1745 1431 1784 peccatum
1457 1743 1586 1783 angeli,
1607 1745 1638 1774 et
1652 1742 1803 1774 hominis.
1820 1730 1924 1787 {252¹th

1027 1796 1196 1828 Peccatum
1225 1797 1334 1837 angeli
1367 1797 1552 1828 inchoatum
1582 1798 1629 1828 est
1657 1797 1691 1827 in
1719 1806 1806 1837 prae-

1027 1852 1209 1891 sumptione
1227 1863 1234 1883 ε
1251 1852 1359 1882 statim
1373 1852 1460 1882 enim
1480 1854 1516 1882 ut
1532 1851 1611 1882 vidit
1628 1860 1720 1882 suam
1734 1851 1806 1891 pul-

1028 1905 1263 1943 chritudinem,
1288 1905 1521 1945 praesumpsit3
1547 1907 1578 1935 et
1605 1913 1806 1935 consumma-

1029 1961 1099 1990 tum
1118 1959 1213 1989 estin
1234 1959 1427 1997 ambitione,
1447 1958 1523 1998 quia
1546 1967 1744 1998 praesumens
1768 1958 1806 1989 de

1029 2021 1080 2051 se,
1098 2013 1231 2052 appetiit
1246 2012 1331 2052 quod
1345 2014 1391 2043 est
1406 2021 1502 2052 supra
1516 2021 1566 2050 se;
1585 2014 1680 2052 atque
1694 2012 1807 2042 confir-

1030 2069 1153 2097 matum
1180 2069 1227 2097 est
1251 2067 1285 2097 iu
1314 2066 1444 2098 invidiae
1472 2068 1503 2097 et
1530 2066 1594 2097 odii
1617 2065 1784 2097 aversione
1797 2089 1804 2102 ‚

1030 2121 1106 2161 quia
1119 2130 1160 2151 ex
1180 2129 1244 2160 quo
1266 2130 1331 2151 non
1356 2120 1459 2160 potuit
1477 2119 1537 2150 hoc
1560 2120 1702 2150 obtinere
1722 2119 1807 2159 quod

1030 2174 1176 2214 appetiit,
1193 2174 1286 2214 coepit
1301 2174 1373 2204 odio
1395 2175 1426 2204 et
1446 2173 1567 2204 invidia
1587 2173 1753 2203 contraire.
1770 2172 1808 2203 Et

1031 2227 1086 2265 sic,
1105 2227 1140 2257 in
1160 2229 1288 2267 peccato
1311 2226 1457 2264 Luciferi,
1480 2226 1629 2266 superbia
1649 2235 1808 2266 praesum-

1031 2280 1127 2310 tionis
1142 2280 1200 2310 fuit
1214 2280 1318 2319 prima
1335 2280 1541 2319 generatione
1553 2304 1561 2318 ‚
1578 2279 1728 2319 superbia
1742 2289 1808 2310 am-

1031 2333 1160 2364 bitionis
1173 2333 1233 2364 fuit
1247 2333 1351 2373 prima
1366 2333 1651 2364 consummatione.

1073 2386 1241 2418 Peccatum
1258 2395 1334 2418 vero
1347 2386 1487 2417 hominis
1501 2386 1559 2417 fuit
1573 2386 1804 2427 inobedientia,

1032 2440 1071 2471 ad
1106 2450 1203 2480 quam
1234 2441 1444 2481 praecipitavit
1471 2440 1615 2471 diabolus
1642 2440 1807 2472 hominem
1822 2424 1928 2475 315&

1032 2503 1088 2534 per
1103 2494 1220 2534 triplex
1241 2494 1409 2534 appetibile
1431 2493 1592 2532 naturale,
1613 2494 1730 2525 scilicet
1751 2505 1808 2535 per

1032 2547 1154 2578 bonum
1170 2548 1362 2587 gloriosum,
1380 2548 1557 2587 copiosum,
1570 2551 1600 2579 et
1610 2548 1804 2580 deliciosum.

1032 2600 1180 2633 Tentavit
1204 2601 1290 2632 enim
1313 2601 1351 2632 de
1374 2601 1579 2640 excellentia,
1597 2602 1806 2641 sufficientia,

1032 2655 1229 2694 experientia
1243 2654 1309 2685 sive
1323 2654 1545 2685 demulcentia.
1558 2654 1707 2685 DIabolus
1721 2656 1806 2687 enim

1033 2718 1090 2749 per
1118 2709 1286 2739 mulierem
1315 2707 1424 2739 volens
1453 2708 1587 2747 deiicere
1615 2708 1781 2740 hominem
1794 2733 1804 2749 ,

1849 2393 1927 2413 Pecca-
