<?xml version="1.0" encoding="UTF-8"?>
<!DOCTYPE html PUBLIC "-//W3C//DTD XHTML 1.0 Transitional//EN"
    "http://www.w3.org/TR/xhtml1/DTD/xhtml1-transitional.dtd">
<html xmlns="http://www.w3.org/1999/xhtml" xml:lang="en" lang="en">
 <head>
  <title>
</title>
<meta http-equiv="Content-Type" content="text/html;charset=utf-8" />
  <meta name='ocr-system' content='tesseract 3.04.00' />
  <meta name='ocr-capabilities' content='ocr_page ocr_carea ocr_par ocr_line ocrx_word'/>
</head>
<body>
  <div class='ocr_page' id='page_1' title='image "./operaomniasixtiv07bonauoft/operaomniasixtiv07bonauoft_0454.png"; bbox 0 0 2003 3037; ppageno 0'>
   <div class='ocr_carea' id='block_1_1' title="bbox 87 1542 192 1593">
    <p class='ocr_par' dir='ltr' id='par_1_1' title="bbox 87 1542 192 1593">
     <span class='ocr_line' id='line_1_1' title="bbox 100 1542 192 1562; baseline -0.011 0"><span class='ocrx_word' id='word_1_1' title='bbox 100 1542 192 1562; x_wconf 71' lang='lat' dir='ltr'>Charac-</span> 
     </span>
     <span class='ocr_line' id='line_1_2' title="bbox 87 1575 128 1593; baseline 0 0"><span class='ocrx_word' id='word_1_2' title='bbox 87 1575 128 1593; x_wconf 84' lang='lat' dir='ltr'>ter.</span> 
     </span>
    </p>
   </div>
   <div class='ocr_carea' id='block_1_2' title="bbox 219 239 278 270">
    <p class='ocr_par' dir='ltr' id='par_1_2' title="bbox 219 239 278 270">
     <span class='ocr_line' id='line_1_3' title="bbox 219 239 278 270; baseline 0.034 -2"><span class='ocrx_word' id='word_1_3' title='bbox 219 239 278 270; x_wconf 69' lang='lat'>420</span> 
     </span>
    </p>
   </div>
   <div class='ocr_carea' id='block_1_3' title="bbox 414 378 792 513">
    <p class='ocr_par' dir='ltr' id='par_1_3' title="bbox 414 378 792 513">
     <span class='ocr_line' id='line_1_4' title="bbox 414 378 792 413; baseline 0.003 -2"><span class='ocrx_word' id='word_1_4' title='bbox 414 378 586 412; x_wconf 74' lang='lat' dir='ltr'>SECTIO</span> <span class='ocrx_word' id='word_1_5' title='bbox 621 378 792 413; x_wconf 83' lang='lat' dir='ltr'>XLVIII.</span> 
     </span>
     <span class='ocr_line' id='line_1_5' title="bbox 500 479 740 513; baseline -0.004 -8"><span class='ocrx_word' id='word_1_6' title='bbox 500 479 537 506; x_wconf 84' lang='lat' dir='ltr'>De</span> <span class='ocrx_word' id='word_1_7' title='bbox 555 479 703 513; x_wconf 80' lang='lat' dir='ltr'>Baptismo.</span> <span class='ocrx_word' id='word_1_8' title='bbox 736 480 740 485; x_wconf 89' lang='grc'><strong>”</strong></span> 
     </span>
    </p>
   </div>
   <div class='ocr_carea' id='block_1_4' title="bbox 206 569 989 2580">
    <p class='ocr_par' dir='ltr' id='par_1_4' title="bbox 206 569 989 2580">
     <span class='ocr_line' id='line_1_6' title="bbox 256 569 989 611; baseline -0.008 -6"><span class='ocrx_word' id='word_1_9' title='bbox 256 573 346 605; x_wconf 90' lang='lat' dir='ltr'>Nunc</span> <span class='ocrx_word' id='word_1_10' title='bbox 368 573 407 605; x_wconf 93' lang='lat' dir='ltr'>de</span> <span class='ocrx_word' id='word_1_11' title='bbox 425 572 631 604; x_wconf 86' lang='lat' dir='ltr'><strong>sacramentis</strong></span> <span class='ocrx_word' id='word_1_12' title='bbox 652 570 791 611; x_wconf 86' lang='lat' dir='ltr'>singulis</span> <span class='ocrx_word' id='word_1_13' title='bbox 814 571 862 601; x_wconf 90' lang='lat' dir='ltr'>est</span> <span class='ocrx_word' id='word_1_14' title='bbox 881 569 989 600; x_wconf 90' lang='lat' dir='ltr'>viden-</span> 
     </span>
     <span class='ocr_line' id='line_1_7' title="bbox 213 623 988 668; baseline -0.009 -8"><span class='ocrx_word' id='word_1_15' title='bbox 213 629 292 659; x_wconf 90' lang='lat' dir='ltr'>dum</span> <span class='ocrx_word' id='word_1_16' title='bbox 315 629 334 659; x_wconf 92' lang='lat'>¹.</span> <span class='ocrx_word' id='word_1_17' title='bbox 356 628 394 659; x_wconf 86' lang='lat' dir='ltr'>Et</span> <span class='ocrx_word' id='word_1_18' title='bbox 417 627 522 668; x_wconf 89' lang='lat' dir='ltr'>primo</span> <span class='ocrx_word' id='word_1_19' title='bbox 541 626 580 657; x_wconf 88' lang='lat' dir='ltr'>de</span> <span class='ocrx_word' id='word_1_20' title='bbox 595 626 753 666; x_wconf 87' lang='lat' dir='ltr'>baptismo</span> <span class='ocrx_word' id='word_1_21' title='bbox 771 625 928 665; x_wconf 88' lang='lat' dir='ltr'>quantum</span> <span class='ocrx_word' id='word_1_22' title='bbox 949 623 988 653; x_wconf 89' lang='lat' dir='ltr'>ad</span> 
     </span>
     <span class='ocr_line' id='line_1_8' title="bbox 213 678 987 720; baseline -0.008 -7"><span class='ocrx_word' id='word_1_23' title='bbox 213 681 454 719; x_wconf 82' lang='lat' dir='ltr'>diffinitionem,</span> <span class='ocrx_word' id='word_1_24' title='bbox 479 679 768 720; x_wconf 85' lang='lat' dir='ltr'>significationem,</span> <span class='ocrx_word' id='word_1_25' title='bbox 792 678 904 708; x_wconf 83' lang='lat' dir='ltr'>formae</span> <span class='ocrx_word' id='word_1_26' title='bbox 933 686 987 707; x_wconf 79' lang='lat' dir='ltr'>ex-</span> 
     </span>
     <span class='ocr_line' id='line_1_9' title="bbox 212 730 988 774; baseline -0.008 -8"><span class='ocrx_word' id='word_1_27' title='bbox 212 735 424 774; x_wconf 82' lang='lat' dir='ltr'>pressionem,</span> <span class='ocrx_word' id='word_1_28' title='bbox 445 734 575 765; x_wconf 84' lang='lat' dir='ltr'>effectus</span> <span class='ocrx_word' id='word_1_29' title='bbox 601 732 801 764; x_wconf 88' lang='lat' dir='ltr'>collationem</span> <span class='ocrx_word' id='word_1_30' title='bbox 815 755 822 767; x_wconf 94' lang='lat'>,</span> <span class='ocrx_word' id='word_1_31' title='bbox 849 730 988 761; x_wconf 87' lang='lat' dir='ltr'>nominis</span> 
     </span>
     <span class='ocr_line' id='line_1_10' title="bbox 212 782 987 826; baseline -0.008 -7"><span class='ocrx_word' id='word_1_32' title='bbox 212 787 443 819; x_wconf 73' lang='lat' dir='ltr'>distinctionem</span> <span class='ocrx_word' id='word_1_33' title='bbox 453 811 462 826; x_wconf 87' lang='lat'>,</span> <span class='ocrx_word' id='word_1_34' title='bbox 479 789 508 818; x_wconf 87' lang='lat' dir='ltr'>et</span> <span class='ocrx_word' id='word_1_35' title='bbox 523 786 628 826; x_wconf 89' lang='lat' dir='ltr'>operis</span> <span class='ocrx_word' id='word_1_36' title='bbox 641 784 894 825; x_wconf 84' lang='lat' dir='ltr'>completionem.</span> <span class='ocrx_word' id='word_1_37' title='bbox 909 782 987 822; x_wconf 90' lang='lat' dir='ltr'>Bap-</span> 
     </span>
     <span class='ocr_line' id='line_1_11' title="bbox 212 836 986 880; baseline -0.008 -8"><span class='ocrx_word' id='word_1_38' title='bbox 212 842 334 879; x_wconf 88' lang='lat' dir='ltr'>tismus,</span> <span class='ocrx_word' id='word_1_39' title='bbox 351 841 528 872; x_wconf 86' lang='lat' dir='ltr'>secundum</span> <span class='ocrx_word' id='word_1_40' title='bbox 544 839 628 880; x_wconf 86' lang='lat' dir='ltr'>quod</span> <span class='ocrx_word' id='word_1_41' title='bbox 645 840 693 869; x_wconf 86' lang='lat' dir='ltr'>est</span> <span class='ocrx_word' id='word_1_42' title='bbox 706 846 823 869; x_wconf 90' lang='lat' dir='ltr'>nomen</span> <span class='ocrx_word' id='word_1_43' title='bbox 839 836 986 868; x_wconf 88' lang='lat' dir='ltr'>elementi</span> 
     </span>
     <span class='ocr_line' id='line_1_12' title="bbox 209 889 984 934; baseline -0.009 -8"><span class='ocrx_word' id='word_1_44' title='bbox 209 895 420 934; x_wconf 82' lang='lat' dir='ltr'>significantis</span> <span class='ocrx_word' id='word_1_45' title='bbox 443 896 474 924; x_wconf 88' lang='lat' dir='ltr'>et</span> <span class='ocrx_word' id='word_1_46' title='bbox 494 892 718 924; x_wconf 87' lang='lat' dir='ltr'>sanctificantis</span> <span class='ocrx_word' id='word_1_47' title='bbox 738 891 856 922; x_wconf 86' lang='lat' dir='ltr'>virtute</span> <span class='ocrx_word' id='word_1_48' title='bbox 877 889 984 926; x_wconf 89' lang='lat' dir='ltr'>verbi,</span> 
     </span>
     <span class='ocr_line' id='line_1_13' title="bbox 209 944 987 987; baseline -0.005 -10"><span class='ocrx_word' id='word_1_49' title='bbox 209 948 362 979; x_wconf 86' lang='lat' dir='ltr'>diffinitur</span> <span class='ocrx_word' id='word_1_50' title='bbox 377 948 417 978; x_wconf 86' lang='lat' dir='ltr'>ab</span> <span class='ocrx_word' id='word_1_51' title='bbox 435 947 572 987; x_wconf 87' lang='lat' dir='ltr'>Hugone</span> <span class='ocrx_word' id='word_1_52' title='bbox 587 946 632 977; x_wconf 88' lang='lat' dir='ltr'>sic</span> <span class='ocrx_word' id='word_1_53' title='bbox 649 947 660 962; x_wconf 80' lang='lat'>²</span> <span class='ocrx_word' id='word_1_54' title='bbox 680 955 688 976; x_wconf 76' lang='lat' dir='ltr'>t</span> <span class='ocrx_word' id='word_1_55' title='bbox 712 957 727 974; x_wconf 76' lang='grc' dir='ltr'>α</span> <span class='ocrx_word' id='word_1_56' title='bbox 748 944 925 984; x_wconf 76' lang='lat' dir='ltr'>Baptismus</span> <span class='ocrx_word' id='word_1_57' title='bbox 939 944 987 974; x_wconf 89' lang='lat' dir='ltr'>est</span> 
     </span>
     <span class='ocr_line' id='line_1_14' title="bbox 207 995 980 1039; baseline -0.009 -9"><span class='ocrx_word' id='word_1_58' title='bbox 207 1009 290 1039; x_wconf 87' lang='lat' dir='ltr'>aqua</span> <span class='ocrx_word' id='word_1_59' title='bbox 318 998 475 1030; x_wconf 80' lang='lat' dir='ltr'>diluendis</span> <span class='ocrx_word' id='word_1_60' title='bbox 506 997 695 1028; x_wconf 85' lang='lat' dir='ltr'>criminibus</span> <span class='ocrx_word' id='word_1_61' title='bbox 723 995 928 1027; x_wconf 85' lang='lat' dir='ltr'>sanctificata.</span> <span class='ocrx_word' id='word_1_62' title='bbox 966 1004 980 1022; x_wconf 71' lang='lat'>1&gt;</span> 
     </span>
     <span class='ocr_line' id='line_1_15' title="bbox 209 1048 985 1092; baseline -0.009 -8"><span class='ocrx_word' id='word_1_63' title='bbox 209 1052 390 1084; x_wconf 85' lang='lat' dir='ltr'>Secundum</span> <span class='ocrx_word' id='word_1_64' title='bbox 411 1061 488 1082; x_wconf 88' lang='lat' dir='ltr'>vero</span> <span class='ocrx_word' id='word_1_65' title='bbox 512 1051 596 1092; x_wconf 88' lang='lat' dir='ltr'>quod</span> <span class='ocrx_word' id='word_1_66' title='bbox 621 1052 669 1081; x_wconf 87' lang='lat' dir='ltr'>est</span> <span class='ocrx_word' id='word_1_67' title='bbox 696 1052 801 1087; x_wconf 79' lang='lat' dir='ltr'>actus,</span> <span class='ocrx_word' id='word_1_68' title='bbox 829 1048 880 1079; x_wconf 90' lang='lat' dir='ltr'>vel</span> <span class='ocrx_word' id='word_1_69' title='bbox 908 1056 985 1078; x_wconf 90' lang='lat' dir='ltr'>usus</span> 
     </span>
     <span class='ocr_line' id='line_1_16' title="bbox 208 1101 985 1143; baseline -0.009 -6"><span class='ocrx_word' id='word_1_70' title='bbox 208 1106 372 1143; x_wconf 84' lang='lat' dir='ltr'>elementi,</span> <span class='ocrx_word' id='word_1_71' title='bbox 394 1105 549 1136; x_wconf 81' lang='lat' dir='ltr'>diffinitur</span> <span class='ocrx_word' id='word_1_72' title='bbox 571 1114 590 1135; x_wconf 86' lang='lat' dir='ltr'>a</span> <span class='ocrx_word' id='word_1_73' title='bbox 615 1103 769 1142; x_wconf 82' lang='lat' dir='ltr'>Magistro</span> <span class='ocrx_word' id='word_1_74' title='bbox 796 1103 828 1132; x_wconf 88' lang='lat' dir='ltr'>in</span> <span class='ocrx_word' id='word_1_75' title='bbox 855 1101 985 1132; x_wconf 87' lang='lat' dir='ltr'>Senten-</span> 
     </span>
     <span class='ocr_line' id='line_1_17' title="bbox 209 1154 985 1198; baseline -0.008 -8"><span class='ocrx_word' id='word_1_76' title='bbox 209 1160 285 1190; x_wconf 79' lang='lat' dir='ltr'>tiis³</span> <span class='ocrx_word' id='word_1_77' title='bbox 313 1169 320 1190; x_wconf 91' lang='lat'>:</span> <span class='ocrx_word' id='word_1_78' title='bbox 352 1170 366 1188; x_wconf 83' lang='lat'>«</span> <span class='ocrx_word' id='word_1_79' title='bbox 390 1159 569 1198; x_wconf 82' lang='lat' dir='ltr'>Baptismus</span> <span class='ocrx_word' id='word_1_80' title='bbox 598 1159 644 1187; x_wconf 86' lang='lat' dir='ltr'>est</span> <span class='ocrx_word' id='word_1_81' title='bbox 673 1155 816 1187; x_wconf 88' lang='lat' dir='ltr'>intinctio</span> <span class='ocrx_word' id='word_1_82' title='bbox 844 1154 985 1194; x_wconf 88' lang='lat' dir='ltr'>corporis</span> 
     </span>
     <span class='ocr_line' id='line_1_18' title="bbox 208 1210 983 1251; baseline -0.006 -7"><span class='ocrx_word' id='word_1_83' title='bbox 208 1213 364 1251; x_wconf 82' lang='lat' dir='ltr'>exterior,</span> <span class='ocrx_word' id='word_1_84' title='bbox 387 1213 467 1243; x_wconf 82' lang='lat' dir='ltr'>facta</span> <span class='ocrx_word' id='word_1_85' title='bbox 495 1212 555 1242; x_wconf 90' lang='lat' dir='ltr'>sub</span> <span class='ocrx_word' id='word_1_86' title='bbox 582 1211 684 1242; x_wconf 80' lang='lat' dir='ltr'>forma</span> <span class='ocrx_word' id='word_1_87' title='bbox 706 1210 880 1241; x_wconf 88' lang='lat' dir='ltr'>verborum</span> <span class='ocrx_word' id='word_1_88' title='bbox 900 1217 983 1248; x_wconf 87' lang='lat' dir='ltr'>prae—</span> 
     </span>
     <span class='ocr_line' id='line_1_19' title="bbox 207 1262 984 1306; baseline -0.006 -9"><span class='ocrx_word' id='word_1_89' title='bbox 207 1267 334 1306; x_wconf 83' lang='lat' dir='ltr'>scripta.</span> <span class='ocrx_word' id='word_1_90' title='bbox 355 1278 369 1294; x_wconf 88' lang='lat'>»</span> <span class='ocrx_word' id='word_1_91' title='bbox 394 1265 575 1297; x_wconf 86' lang='lat' dir='ltr'>Secundum</span> <span class='ocrx_word' id='word_1_92' title='bbox 599 1267 705 1295; x_wconf 85' lang='lat' dir='ltr'>autem</span> <span class='ocrx_word' id='word_1_93' title='bbox 724 1263 808 1303; x_wconf 89' lang='lat' dir='ltr'>quod</span> <span class='ocrx_word' id='word_1_94' title='bbox 830 1262 984 1302; x_wconf 85' lang='lat' dir='ltr'>accipitur</span> 
     </span>
     <span class='ocr_line' id='line_1_20' title="bbox 209 1316 985 1360; baseline -0.006 -9"><span class='ocrx_word' id='word_1_95' title='bbox 209 1330 264 1360; x_wconf 92' lang='lat' dir='ltr'>pro</span> <span class='ocrx_word' id='word_1_96' title='bbox 285 1321 502 1355; x_wconf 82' lang='lat' dir='ltr'>sacramento,</span> <span class='ocrx_word' id='word_1_97' title='bbox 523 1321 553 1349; x_wconf 92' lang='lat' dir='ltr'>et</span> <span class='ocrx_word' id='word_1_98' title='bbox 573 1327 608 1348; x_wconf 85' lang='lat' dir='ltr'>re</span> <span class='ocrx_word' id='word_1_99' title='bbox 627 1316 834 1354; x_wconf 80' lang='lat' dir='ltr'>sacramenti,</span> <span class='ocrx_word' id='word_1_100' title='bbox 849 1325 923 1356; x_wconf 85' lang='lat' dir='ltr'>quae</span> <span class='ocrx_word' id='word_1_101' title='bbox 937 1317 985 1346; x_wconf 80' lang='lat' dir='ltr'>est</span> 
     </span>
     <span class='ocr_line' id='line_1_21' title="bbox 208 1368 984 1410; baseline -0.006 -6"><span class='ocrx_word' id='word_1_102' title='bbox 208 1374 387 1410; x_wconf 79' lang='lat' dir='ltr'>character,</span> <span class='ocrx_word' id='word_1_103' title='bbox 404 1372 560 1403; x_wconf 82' lang='lat' dir='ltr'>diffinitur</span> <span class='ocrx_word' id='word_1_104' title='bbox 575 1380 593 1401; x_wconf 89' lang='lat' dir='ltr'>a</span> <span class='ocrx_word' id='word_1_105' title='bbox 614 1371 805 1401; x_wconf 88' lang='lat' dir='ltr'>Damasceno</span> <span class='ocrx_word' id='word_1_106' title='bbox 821 1372 831 1388; x_wconf 70' lang='lat'>⁶</span> <span class='ocrx_word' id='word_1_107' title='bbox 849 1380 854 1399; x_wconf 95' lang='lat'>:</span> <span class='ocrx_word' id='word_1_108' title='bbox 877 1380 891 1397; x_wconf 88' lang='lat'>«</span> <span class='ocrx_word' id='word_1_109' title='bbox 907 1368 984 1408; x_wconf 88' lang='lat' dir='ltr'>Bap-</span> 
     </span>
     <span class='ocr_line' id='line_1_22' title="bbox 209 1422 984 1465; baseline -0.008 -8"><span class='ocrx_word' id='word_1_110' title='bbox 209 1427 324 1457; x_wconf 85' lang='lat' dir='ltr'>tismus</span> <span class='ocrx_word' id='word_1_111' title='bbox 338 1428 384 1456; x_wconf 90' lang='lat' dir='ltr'>cst</span> <span class='ocrx_word' id='word_1_112' title='bbox 399 1426 473 1456; x_wconf 82' lang='lat' dir='ltr'>vitae</span> <span class='ocrx_word' id='word_1_113' title='bbox 484 1424 658 1465; x_wconf 86' lang='lat' dir='ltr'>spiritualis</span> <span class='ocrx_word' id='word_1_114' title='bbox 674 1423 878 1463; x_wconf 84' lang='lat' dir='ltr'>principium,</span> <span class='ocrx_word' id='word_1_115' title='bbox 896 1422 984 1461; x_wconf 85' lang='lat' dir='ltr'>sigil-</span> 
     </span>
     <span class='ocr_line' id='line_1_23' title="bbox 208 1475 985 1515; baseline -0.006 -5"><span class='ocrx_word' id='word_1_116' title='bbox 208 1479 274 1510; x_wconf 90' lang='lat' dir='ltr'>lum</span> <span class='ocrx_word' id='word_1_117' title='bbox 289 1481 320 1510; x_wconf 86' lang='lat' dir='ltr'>et</span> <span class='ocrx_word' id='word_1_118' title='bbox 339 1479 496 1515; x_wconf 88' lang='lat' dir='ltr'>custodia,</span> <span class='ocrx_word' id='word_1_119' title='bbox 517 1481 547 1509; x_wconf 88' lang='lat' dir='ltr'>et</span> <span class='ocrx_word' id='word_1_120' title='bbox 565 1477 756 1508; x_wconf 86' lang='lat' dir='ltr'>illuminatio</span> <span class='ocrx_word' id='word_1_121' title='bbox 772 1476 898 1506; x_wconf 80' lang='lat' dir='ltr'>mentis.</span> <span class='ocrx_word' id='word_1_122' title='bbox 915 1486 929 1502; x_wconf 90' lang='lat'>»</span> <span class='ocrx_word' id='word_1_123' title='bbox 948 1475 985 1506; x_wconf 83' lang='lat' dir='ltr'>Et</span> 
     </span>
     <span class='ocr_line' id='line_1_24' title="bbox 209 1528 984 1572; baseline -0.006 -9"><span class='ocrx_word' id='word_1_124' title='bbox 209 1533 352 1572; x_wconf 78' lang='lat' dir='ltr'>tangitur</span> <span class='ocrx_word' id='word_1_125' title='bbox 381 1532 432 1562; x_wconf 89' lang='lat' dir='ltr'>hic</span> <span class='ocrx_word' id='word_1_126' title='bbox 463 1531 662 1571; x_wconf 75' lang='lat' dir='ltr'>quadruplex</span> <span class='ocrx_word' id='word_1_127' title='bbox 691 1530 827 1561; x_wconf 82' lang='lat' dir='ltr'>conditio</span> <span class='ocrx_word' id='word_1_128' title='bbox 857 1528 984 1559; x_wconf 87' lang='lat' dir='ltr'>charac-</span> 
     </span>
     <span class='ocr_line' id='line_1_25' title="bbox 208 1582 981 1626; baseline -0.008 -9"><span class='ocrx_word' id='word_1_129' title='bbox 208 1587 300 1618; x_wconf 81' lang='lat' dir='ltr'>teris:</span> <span class='ocrx_word' id='word_1_130' title='bbox 318 1587 393 1626; x_wconf 85' lang='lat' dir='ltr'>quia</span> <span class='ocrx_word' id='word_1_131' title='bbox 408 1585 493 1615; x_wconf 88' lang='lat' dir='ltr'>enim</span> <span class='ocrx_word' id='word_1_132' title='bbox 516 1587 674 1624; x_wconf 63' lang='lat' dir='ltr'>praeparat</span> <span class='ocrx_word' id='word_1_133' title='bbox 695 1583 732 1614; x_wconf 89' lang='lat' dir='ltr'>ad</span> <span class='ocrx_word' id='word_1_134' title='bbox 749 1583 887 1622; x_wconf 79' lang='lat' dir='ltr'>gratiam</span> <span class='ocrx_word' id='word_1_135' title='bbox 909 1582 981 1619; x_wconf 87' lang='lat' dir='ltr'>Dei,</span> 
     </span>
     <span class='ocr_line' id='line_1_26' title="bbox 206 1635 984 1678; baseline -0.006 -9"><span class='ocrx_word' id='word_1_136' title='bbox 206 1640 320 1670; x_wconf 87' lang='lat' dir='ltr'>dicitur</span> <span class='ocrx_word' id='word_1_137' title='bbox 353 1639 425 1669; x_wconf 78' lang='lat' dir='ltr'>vitae</span> <span class='ocrx_word' id='word_1_138' title='bbox 460 1638 634 1678; x_wconf 84' lang='lat' dir='ltr'>spiritualis</span> <span class='ocrx_word' id='word_1_139' title='bbox 658 1637 850 1676; x_wconf 88' lang='lat' dir='ltr'>principium</span> <span class='ocrx_word' id='word_1_140' title='bbox 866 1647 872 1673; x_wconf 85' lang='lat'>;</span> <span class='ocrx_word' id='word_1_141' title='bbox 908 1635 984 1674; x_wconf 86' lang='lat' dir='ltr'>quia</span> 
     </span>
     <span class='ocr_line' id='line_1_27' title="bbox 206 1689 981 1732; baseline -0.005 -10"><span class='ocrx_word' id='word_1_142' title='bbox 206 1693 375 1732; x_wconf 75' lang='lat' dir='ltr'>distinguit</span> <span class='ocrx_word' id='word_1_143' title='bbox 389 1701 524 1731; x_wconf 77' lang='lat' dir='ltr'>gregem</span> <span class='ocrx_word' id='word_1_144' title='bbox 539 1691 673 1727; x_wconf 79' lang='lat' dir='ltr'>Domini,</span> <span class='ocrx_word' id='word_1_145' title='bbox 689 1690 803 1720; x_wconf 83' lang='lat' dir='ltr'>dicitur</span> <span class='ocrx_word' id='word_1_146' title='bbox 819 1689 981 1729; x_wconf 82' lang='lat' dir='ltr'>sigillum·,</span> 
     </span>
     <span class='ocr_line' id='line_1_28' title="bbox 206 1743 984 1786; baseline -0.006 -9"><span class='ocrx_word' id='word_1_147' title='bbox 206 1749 235 1777; x_wconf 78' lang='lat' dir='ltr'>et</span> <span class='ocrx_word' id='word_1_148' title='bbox 247 1746 321 1786; x_wconf 80' lang='lat' dir='ltr'>quia</span> <span class='ocrx_word' id='word_1_149' title='bbox 332 1745 540 1775; x_wconf 65' lang='lat' dir='ltr'>indelebiliter</span> <span class='ocrx_word' id='word_1_150' title='bbox 553 1746 744 1783; x_wconf 67' lang='lat' dir='ltr'>perseverat,</span> <span class='ocrx_word' id='word_1_151' title='bbox 757 1743 872 1773; x_wconf 76' lang='lat' dir='ltr'>dicitur</span> <span class='ocrx_word' id='word_1_152' title='bbox 883 1745 984 1773; x_wconf 86' lang='lat' dir='ltr'>custo-</span> 
     </span>
     <span class='ocr_line' id='line_1_29' title="bbox 206 1796 981 1838; baseline -0.005 -9"><span class='ocrx_word' id='word_1_153' title='bbox 206 1799 277 1836; x_wconf 81' lang='lat' dir='ltr'>dia;</span> <span class='ocrx_word' id='word_1_154' title='bbox 305 1799 380 1838; x_wconf 82' lang='lat' dir='ltr'>quia</span> <span class='ocrx_word' id='word_1_155' title='bbox 403 1797 609 1837; x_wconf 73' lang='lat' dir='ltr'>spiritualiter</span> <span class='ocrx_word' id='word_1_156' title='bbox 633 1796 772 1835; x_wconf 76' lang='lat' dir='ltr'>disponit</span> <span class='ocrx_word' id='word_1_157' title='bbox 799 1796 837 1826; x_wconf 89' lang='lat' dir='ltr'>ad</span> <span class='ocrx_word' id='word_1_158' title='bbox 865 1796 981 1833; x_wconf 80' lang='lat' dir='ltr'>fidem,</span> 
     </span>
     <span class='ocr_line' id='line_1_30' title="bbox 206 1849 983 1888; baseline -0.005 -6"><span class='ocrx_word' id='word_1_159' title='bbox 206 1852 320 1882; x_wconf 89' lang='lat' dir='ltr'>dicitur</span> <span class='ocrx_word' id='word_1_160' title='bbox 337 1851 527 1881; x_wconf 89' lang='lat' dir='ltr'>illuminatio</span> <span class='ocrx_word' id='word_1_161' title='bbox 548 1850 673 1880; x_wconf 81' lang='lat' dir='ltr'>inentis.</span> <span class='ocrx_word' id='word_1_162' title='bbox 697 1849 879 1879; x_wconf 83' lang='lat' dir='ltr'>Secundum</span> <span class='ocrx_word' id='word_1_163' title='bbox 898 1849 983 1888; x_wconf 83' lang='lat' dir='ltr'>quod</span> 
     </span>
     <span class='ocr_line' id='line_1_31' title="bbox 206 1902 984 1945; baseline -0.005 -10"><span class='ocrx_word' id='word_1_164' title='bbox 206 1905 357 1945; x_wconf 82' lang='lat' dir='ltr'>accipitur</span> <span class='ocrx_word' id='word_1_165' title='bbox 373 1914 428 1944; x_wconf 88' lang='lat' dir='ltr'>pro</span> <span class='ocrx_word' id='word_1_166' title='bbox 444 1906 654 1941; x_wconf 78' lang='lat' dir='ltr'>sacramento,</span> <span class='ocrx_word' id='word_1_167' title='bbox 671 1903 827 1933; x_wconf 85' lang='lat' dir='ltr'>diffinitur</span> <span class='ocrx_word' id='word_1_168' title='bbox 840 1912 858 1932; x_wconf 90' lang='lat' dir='ltr'>a</span> <span class='ocrx_word' id='word_1_169' title='bbox 871 1902 984 1942; x_wconf 81' lang='lat' dir='ltr'>Diony-</span> 
     </span>
     <span class='ocr_line' id='line_1_32' title="bbox 206 1955 982 1997; baseline -0.005 -8"><span class='ocrx_word' id='word_1_170' title='bbox 206 1959 253 1989; x_wconf 87' lang='lat' dir='ltr'>sio</span> <span class='ocrx_word' id='word_1_171' title='bbox 268 1961 278 1977; x_wconf 83' lang='lat'>⁵</span> <span class='ocrx_word' id='word_1_172' title='bbox 297 1969 303 1987; x_wconf 89' lang='grc'>;</span> <span class='ocrx_word' id='word_1_173' title='bbox 327 1970 340 1986; x_wconf 74' lang='grc' dir='ltr'>(ι</span> <span class='ocrx_word' id='word_1_174' title='bbox 355 1958 533 1997; x_wconf 73' lang='lat' dir='ltr'>Baptismus</span> <span class='ocrx_word' id='word_1_175' title='bbox 552 1959 597 1986; x_wconf 85' lang='lat' dir='ltr'>est</span> <span class='ocrx_word' id='word_1_176' title='bbox 614 1955 862 1995; x_wconf 70' lang='lat' dir='ltr'>regenerationis</span> <span class='ocrx_word' id='word_1_177' title='bbox 878 1964 982 1985; x_wconf 89' lang='lat' dir='ltr'>sacra-</span> 
     </span>
     <span class='ocr_line' id='line_1_33' title="bbox 207 2009 983 2049; baseline -0.005 -7"><span class='ocrx_word' id='word_1_178' title='bbox 207 2015 368 2048; x_wconf 82' lang='lat' dir='ltr'>mentum,</span> <span class='ocrx_word' id='word_1_179' title='bbox 387 2011 561 2040; x_wconf 80' lang='lat' dir='ltr'>secundum</span> <span class='ocrx_word' id='word_1_180' title='bbox 585 2009 668 2049; x_wconf 87' lang='lat' dir='ltr'>quod</span> <span class='ocrx_word' id='word_1_181' title='bbox 691 2010 779 2048; x_wconf 87' lang='lat' dir='ltr'>prius</span> <span class='ocrx_word' id='word_1_182' title='bbox 796 2009 937 2039; x_wconf 79' lang='lat' dir='ltr'>subsistit</span> <span class='ocrx_word' id='word_1_183' title='bbox 951 2009 983 2038; x_wconf 88' lang='lat' dir='ltr'>in</span> 
     </span>
     <span class='ocr_line' id='line_1_34' title="bbox 206 2062 983 2101; baseline -0.005 -7"><span class='ocrx_word' id='word_1_184' title='bbox 206 2065 324 2100; x_wconf 83' lang='lat' dir='ltr'>anima,</span> <span class='ocrx_word' id='word_1_185' title='bbox 338 2063 490 2094; x_wconf 84' lang='lat' dir='ltr'>animales</span> <span class='ocrx_word' id='word_1_186' title='bbox 503 2062 711 2101; x_wconf 73' lang='lat' dir='ltr'>spiritualiter</span> <span class='ocrx_word' id='word_1_187' title='bbox 725 2062 865 2091; x_wconf 82' lang='lat' dir='ltr'>formans</span> <span class='ocrx_word' id='word_1_188' title='bbox 879 2064 983 2091; x_wconf 89' lang='lat' dir='ltr'>motus</span> 
     </span>
     <span class='ocr_line' id='line_1_35' title="bbox 207 2114 982 2157; baseline -0.006 -8"><span class='ocrx_word' id='word_1_189' title='bbox 207 2119 246 2149; x_wconf 83' lang='lat' dir='ltr'>ad</span> <span class='ocrx_word' id='word_1_190' title='bbox 267 2117 485 2157; x_wconf 75' lang='lat' dir='ltr'>operationem</span> <span class='ocrx_word' id='word_1_191' title='bbox 512 2115 695 2145; x_wconf 84' lang='lat' dir='ltr'>divinorum</span> <span class='ocrx_word' id='word_1_192' title='bbox 722 2114 923 2154; x_wconf 85' lang='lat' dir='ltr'>eloquiorum</span> <span class='ocrx_word' id='word_1_193' title='bbox 953 2117 982 2144; x_wconf 86' lang='lat' dir='ltr'>et</span> 
     </span>
     <span class='ocr_line' id='line_1_36' title="bbox 207 2167 984 2207; baseline -0.004 -6"><span class='ocrx_word' id='word_1_194' title='bbox 207 2172 384 2207; x_wconf 87' lang='lat' dir='ltr'>actionum,</span> <span class='ocrx_word' id='word_1_195' title='bbox 403 2172 432 2200; x_wconf 88' lang='lat' dir='ltr'>et</span> <span class='ocrx_word' id='word_1_196' title='bbox 452 2169 490 2199; x_wconf 85' lang='lat' dir='ltr'>ad</span> <span class='ocrx_word' id='word_1_197' title='bbox 514 2169 551 2207; x_wconf 80' lang='lat' dir='ltr'>(a)</span> <span class='ocrx_word' id='word_1_198' title='bbox 575 2167 710 2198; x_wconf 69' lang='lat' dir='ltr'>coelestis</span> <span class='ocrx_word' id='word_1_199' title='bbox 730 2167 844 2207; x_wconf 85' lang='lat' dir='ltr'>qnietis</span> <span class='ocrx_word' id='word_1_200' title='bbox 865 2177 984 2206; x_wconf 81' lang='lat' dir='ltr'>anago-</span> 
     </span>
     <span class='ocr_line' id='line_1_37' title="bbox 208 2221 983 2263; baseline -0.006 -8"><span class='ocrx_word' id='word_1_201' title='bbox 208 2233 283 2263; x_wconf 83' lang='lat' dir='ltr'>gem</span> <span class='ocrx_word' id='word_1_202' title='bbox 297 2223 332 2263; x_wconf 65' lang='lat' dir='ltr'>(b)</span> <span class='ocrx_word' id='word_1_203' title='bbox 351 2223 409 2253; x_wconf 80' lang='lat' dir='ltr'>iter</span> <span class='ocrx_word' id='word_1_204' title='bbox 422 2222 574 2252; x_wconf 80' lang='lat' dir='ltr'>faciens.»</span> <span class='ocrx_word' id='word_1_205' title='bbox 590 2221 624 2251; x_wconf 89' lang='lat' dir='ltr'>In</span> <span class='ocrx_word' id='word_1_206' title='bbox 638 2221 697 2251; x_wconf 85' lang='lat' dir='ltr'>hac</span> <span class='ocrx_word' id='word_1_207' title='bbox 712 2221 901 2251; x_wconf 81' lang='lat' dir='ltr'>diffinitione</span> <span class='ocrx_word' id='word_1_208' title='bbox 917 2223 983 2251; x_wconf 84' lang='lat' dir='ltr'>tan-</span> 
     </span>
     <span class='ocr_line' id='line_1_38' title="bbox 207 2274 982 2316; baseline -0.005 -9"><span class='ocrx_word' id='word_1_209' title='bbox 207 2278 294 2316; x_wconf 80' lang='lat' dir='ltr'>gitur</span> <span class='ocrx_word' id='word_1_210' title='bbox 316 2286 365 2306; x_wconf 90' lang='lat' dir='ltr'>res</span> <span class='ocrx_word' id='word_1_211' title='bbox 381 2275 568 2306; x_wconf 79' lang='lat' dir='ltr'>sacramenti</span> <span class='ocrx_word' id='word_1_212' title='bbox 584 2299 590 2312; x_wconf 91' lang='lat'>,</span> <span class='ocrx_word' id='word_1_213' title='bbox 608 2283 680 2314; x_wconf 84' lang='lat' dir='ltr'>quae</span> <span class='ocrx_word' id='word_1_214' title='bbox 696 2276 741 2304; x_wconf 87' lang='lat' dir='ltr'>est</span> <span class='ocrx_word' id='word_1_215' title='bbox 756 2274 861 2313; x_wconf 83' lang='lat' dir='ltr'>gratia</span> <span class='ocrx_word' id='word_1_216' title='bbox 876 2274 982 2303; x_wconf 71' lang='lat' dir='ltr'>vivifi-</span> 
     </span>
     <span class='ocr_line' id='line_1_39' title="bbox 207 2326 984 2366; baseline -0.003 -7"><span class='ocrx_word' id='word_1_217' title='bbox 207 2339 280 2359; x_wconf 83' lang='lat' dir='ltr'>cans</span> <span class='ocrx_word' id='word_1_218' title='bbox 296 2330 446 2366; x_wconf 82' lang='lat' dir='ltr'>animam,</span> <span class='ocrx_word' id='word_1_219' title='bbox 463 2338 536 2358; x_wconf 83' lang='lat' dir='ltr'>cum</span> <span class='ocrx_word' id='word_1_220' title='bbox 552 2328 666 2357; x_wconf 77' lang='lat' dir='ltr'>dieitur</span> <span class='ocrx_word' id='word_1_221' title='bbox 684 2338 689 2357; x_wconf 75' lang='grc' dir='ltr'>ε</span> <span class='ocrx_word' id='word_1_222' title='bbox 706 2326 883 2358; x_wconf 79' lang='lat' dir='ltr'>Seczmdmn</span> <span class='ocrx_word' id='word_1_223' title='bbox 899 2326 984 2366; x_wconf 77' lang='lat' dir='ltr'>quod</span> 
     </span>
     <span class='ocr_line' id='line_1_40' title="bbox 206 2380 984 2422; baseline -0.006 -8"><span class='ocrx_word' id='word_1_224' title='bbox 206 2385 298 2422; x_wconf 76' lang='lat' dir='ltr'>prius</span> <span class='ocrx_word' id='word_1_225' title='bbox 318 2382 466 2413; x_wconf 73' lang='lat' dir='ltr'>subsistit</span> <span class='ocrx_word' id='word_1_226' title='bbox 483 2383 518 2412; x_wconf 77' lang='lat' dir='ltr'>in</span> <span class='ocrx_word' id='word_1_227' title='bbox 542 2381 665 2411; x_wconf 79' lang='lat' dir='ltr'>anima.</span> <span class='ocrx_word' id='word_1_228' title='bbox 686 2380 845 2419; x_wconf 76' lang='lat' dir='ltr'>Tangitur</span> <span class='ocrx_word' id='word_1_229' title='bbox 867 2380 984 2410; x_wconf 83' lang='lat' dir='ltr'>habili-</span> 
     </span>
     <span class='ocr_line' id='line_1_41' title="bbox 208 2434 983 2475; baseline -0.003 -10"><span class='ocrx_word' id='word_1_230' title='bbox 208 2437 283 2466; x_wconf 83' lang='lat' dir='ltr'>tatio</span> <span class='ocrx_word' id='word_1_231' title='bbox 316 2436 529 2475; x_wconf 79' lang='lat' dir='ltr'>potentiarum</span> <span class='ocrx_word' id='word_1_232' title='bbox 566 2443 621 2473; x_wconf 89' lang='lat' dir='ltr'>per</span> <span class='ocrx_word' id='word_1_233' title='bbox 656 2435 807 2464; x_wconf 84' lang='lat' dir='ltr'>virtutem</span> <span class='ocrx_word' id='word_1_234' title='bbox 836 2445 841 2463; x_wconf 82' lang='lat' dir='ltr'>z</span> <span class='ocrx_word' id='word_1_235' title='bbox 880 2434 983 2473; x_wconf 87' lang='lat' dir='ltr'>primo</span> 
     </span>
     <span class='ocr_line' id='line_1_42' title="bbox 208 2487 983 2530; baseline -0.003 -10"><span class='ocrx_word' id='word_1_236' title='bbox 208 2492 364 2530; x_wconf 87' lang='lat' dir='ltr'>quantum</span> <span class='ocrx_word' id='word_1_237' title='bbox 380 2489 417 2519; x_wconf 87' lang='lat' dir='ltr'>ad</span> <span class='ocrx_word' id='word_1_238' title='bbox 431 2489 580 2525; x_wconf 79' lang='lat' dir='ltr'>activam,</span> <span class='ocrx_word' id='word_1_239' title='bbox 593 2497 665 2517; x_wconf 86' lang='lat' dir='ltr'>cum</span> <span class='ocrx_word' id='word_1_240' title='bbox 681 2487 815 2517; x_wconf 86' lang='lat' dir='ltr'>dicitur:</span> <span class='ocrx_word' id='word_1_241' title='bbox 831 2487 983 2518; x_wconf 80' lang='lat' dir='ltr'>Formcms</span> 
     </span>
     <span class='ocr_line' id='line_1_43' title="bbox 207 2541 984 2580; baseline -0.005 -6"><span class='ocrx_word' id='word_1_242' title='bbox 207 2542 364 2575; x_wconf 79' lang='lat' dir='ltr'>animales</span> <span class='ocrx_word' id='word_1_243' title='bbox 381 2546 499 2577; x_wconf 69' lang='lat' dir='ltr'>motas,</span> <span class='ocrx_word' id='word_1_244' title='bbox 517 2541 653 2571; x_wconf 81' lang='lat' dir='ltr'>secundo</span> <span class='ocrx_word' id='word_1_245' title='bbox 669 2542 773 2580; x_wconf 80' lang='lat' dir='ltr'>quoad</span> <span class='ocrx_word' id='word_1_246' title='bbox 789 2541 984 2580; x_wconf 86' lang='lat' dir='ltr'>contempla-</span> 
     </span>
    </p>
   </div>
   <div class='ocr_carea' id='block_1_5' title="bbox 205 2602 982 2741">
    <p class='ocr_par' dir='ltr' id='par_1_5' title="bbox 205 2602 982 2741">
     <span class='ocr_line' id='line_1_44' title="bbox 240 2602 982 2635; baseline -0.009 -5"><span class='ocrx_word' id='word_1_247' title='bbox 240 2608 246 2623; x_wconf 61' lang='grc' dir='ltr'>ἱ</span> <span class='ocrx_word' id='word_1_248' title='bbox 263 2607 331 2630; x_wconf 82' lang='lat' dir='ltr'>ldcin</span> <span class='ocrx_word' id='word_1_249' title='bbox 345 2612 429 2635; x_wconf 76' lang='lat' dir='ltr'>snpra.</span> <span class='ocrx_word' id='word_1_250' title='bbox 448 2604 550 2631; x_wconf 57' lang='lat' dir='ltr'>Brea-il„</span> <span class='ocrx_word' id='word_1_251' title='bbox 569 2611 592 2633; x_wconf 87' lang='lat' dir='ltr'>p.</span> <span class='ocrx_word' id='word_1_252' title='bbox 611 2604 669 2631; x_wconf 65' lang='lat' dir='ltr'>Vll,</span> <span class='ocrx_word' id='word_1_253' title='bbox 686 2612 708 2626; x_wconf 76' lang='lat' dir='ltr'>c.</span> <span class='ocrx_word' id='word_1_254' title='bbox 725 2609 770 2626; x_wconf 73' lang='lat' dir='ltr'>vni</span> <span class='ocrx_word' id='word_1_255' title='bbox 794 2616 824 2620; x_wconf 91' lang='lat'>—</span> <span class='ocrx_word' id='word_1_256' title='bbox 839 2603 847 2616; x_wconf 71' lang='lat'>²</span> <span class='ocrx_word' id='word_1_257' title='bbox 864 2603 939 2631; x_wconf 60' lang='lat' dir='ltr'>flue.v</span> <span class='ocrx_word' id='word_1_258' title='bbox 955 2602 982 2624; x_wconf 67' lang='grc' dir='ltr'>(ἰν-</span> 
     </span>
     <span class='ocr_line' id='line_1_45' title="bbox 206 2638 981 2670; baseline -0.005 -5"><span class='ocrx_word' id='word_1_259' title='bbox 206 2643 286 2665; x_wconf 64' lang='lat' dir='ltr'>Surr„</span> <span class='ocrx_word' id='word_1_260' title='bbox 300 2642 344 2664; x_wconf 72' lang='lat' dir='ltr'>lii).</span> <span class='ocrx_word' id='word_1_261' title='bbox 356 2641 375 2670; x_wconf 83' lang='lat' dir='ltr'>l,</span> <span class='ocrx_word' id='word_1_262' title='bbox 385 2647 410 2670; x_wconf 87' lang='lat' dir='ltr'>p.</span> <span class='ocrx_word' id='word_1_263' title='bbox 422 2640 466 2669; x_wconf 78' lang='lat' dir='ltr'>Vl,</span> <span class='ocrx_word' id='word_1_264' title='bbox 480 2646 501 2662; x_wconf 85' lang='lat' dir='ltr'>c.</span> <span class='ocrx_word' id='word_1_265' title='bbox 518 2645 581 2662; x_wconf 86' lang='lat'>11.—</span> <span class='ocrx_word' id='word_1_266' title='bbox 594 2640 602 2652; x_wconf 51' lang='lat'>»⁸</span> <span class='ocrx_word' id='word_1_267' title='bbox 613 2639 691 2667; x_wconf 54' lang='lat' dir='ltr'>Smin,</span> <span class='ocrx_word' id='word_1_268' title='bbox 702 2638 746 2661; x_wconf 92' lang='lat' dir='ltr'>lib.</span> <span class='ocrx_word' id='word_1_269' title='bbox 758 2639 797 2667; x_wconf 72' lang='lat' dir='ltr'>tv,</span> <span class='ocrx_word' id='word_1_270' title='bbox 809 2638 866 2662; x_wconf 83' lang='lat' dir='ltr'>dist.</span> <span class='ocrx_word' id='word_1_271' title='bbox 878 2644 916 2667; x_wconf 82' lang='lat' dir='ltr'>ni,</span> <span class='ocrx_word' id='word_1_272' title='bbox 930 2639 981 2668; x_wconf 79' lang='lat' dir='ltr'>linj.</span> 
     </span>
     <span class='ocr_line' id='line_1_46' title="bbox 205 2673 981 2705; baseline -0.005 -4"><span class='ocrx_word' id='word_1_273' title='bbox 205 2678 264 2701; x_wconf 86' lang='lat' dir='ltr'>cdit.</span> <span class='ocrx_word' id='word_1_274' title='bbox 281 2679 343 2700; x_wconf 88' lang='lat' dir='ltr'>tom.</span> <span class='ocrx_word' id='word_1_275' title='bbox 360 2677 391 2705; x_wconf 86' lang='lat' dir='ltr'>V,</span> <span class='ocrx_word' id='word_1_276' title='bbox 406 2682 432 2705; x_wconf 84' lang='lat' dir='ltr'>p.</span> <span class='ocrx_word' id='word_1_277' title='bbox 449 2676 502 2698; x_wconf 70' lang='lat'>:395-</span> <span class='ocrx_word' id='word_1_278' title='bbox 519 2687 549 2690; x_wconf 97' lang='lat'><strong>—</strong></span> <span class='ocrx_word' id='word_1_279' title='bbox 572 2679 575 2686; x_wconf 91' lang='lat'>·</span> <span class='ocrx_word' id='word_1_280' title='bbox 597 2674 724 2702; x_wconf 58' lang='lat' dir='ltr'>Damaso„</span> <span class='ocrx_word' id='word_1_281' title='bbox 743 2673 771 2696; x_wconf 76' lang='lat' dir='ltr'>de</span> <span class='ocrx_word' id='word_1_282' title='bbox 792 2673 848 2696; x_wconf 65' lang='lat' dir='ltr'>Fid.</span> <span class='ocrx_word' id='word_1_283' title='bbox 869 2673 981 2701; x_wconf 61' lang='lat' dir='ltr'>Ovtlmzl..</span> 
     </span>
     <span class='ocr_line' id='line_1_47' title="bbox 205 2709 881 2741; baseline -0.001 -6"><span class='ocrx_word' id='word_1_284' title='bbox 205 2713 246 2736; x_wconf 85' lang='lat' dir='ltr'>lib.</span> <span class='ocrx_word' id='word_1_285' title='bbox 263 2714 305 2741; x_wconf 75' lang='lat' dir='ltr'>lv,</span> <span class='ocrx_word' id='word_1_286' title='bbox 320 2720 341 2736; x_wconf 70' lang='lat' dir='ltr'>c,</span> <span class='ocrx_word' id='word_1_287' title='bbox 356 2719 381 2735; x_wconf 82' lang='lat' dir='ltr'>x.</span> <span class='ocrx_word' id='word_1_288' title='bbox 395 2724 425 2728; x_wconf 94' lang='lat'>—</span> <span class='ocrx_word' id='word_1_289' title='bbox 440 2711 449 2727; x_wconf 73' lang='grc' dir='ltr'>Ι</span> <span class='ocrx_word' id='word_1_290' title='bbox 466 2710 550 2739; x_wconf 86' lang='lat' dir='ltr'>Diou.,</span> <span class='ocrx_word' id='word_1_291' title='bbox 563 2709 592 2732; x_wconf 77' lang='lat' dir='ltr'>de</span> <span class='ocrx_word' id='word_1_292' title='bbox 607 2709 699 2732; x_wconf 68' lang='lat' dir='ltr'>Ercles⁴</span> <span class='ocrx_word' id='word_1_293' title='bbox 718 2710 797 2737; x_wconf 70' lang='lat' dir='ltr'>Ht&#39;el·.,</span> <span class='ocrx_word' id='word_1_294' title='bbox 813 2716 834 2732; x_wconf 83' lang='lat' dir='ltr'>c.</span> <span class='ocrx_word' id='word_1_295' title='bbox 852 2715 881 2734; x_wconf 81' lang='grc' dir='ltr'>Η.</span> 
     </span>
    </p>
   </div>
   <div class='ocr_carea' id='block_1_6' title="bbox 869 233 1176 273">
    <p class='ocr_par' dir='ltr' id='par_1_6' title="bbox 869 233 1176 273">
     <span class='ocr_line' id='line_1_48' title="bbox 869 233 1176 273; baseline 0.003 -7"><span class='ocrx_word' id='word_1_296' title='bbox 869 234 942 267; x_wconf 81' lang='lat' dir='ltr'>CEN</span> <span class='ocrx_word' id='word_1_297' title='bbox 947 233 1176 273; x_wconf 84' lang='lat' dir='ltr'>TILOQUIUM.</span> 
     </span>
    </p>
   </div>
   <div class='ocr_carea' id='block_1_7' title="bbox 1039 302 1822 1623">
    <p class='ocr_par' dir='ltr' id='par_1_7' title="bbox 1043 302 1822 397">
     <span class='ocr_line' id='line_1_49' title="bbox 1043 302 1822 344; baseline 0.005 -10"><span class='ocrx_word' id='word_1_298' title='bbox 1043 302 1161 341; x_wconf 87' lang='lat' dir='ltr'>tivam,</span> <span class='ocrx_word' id='word_1_299' title='bbox 1177 312 1252 334; x_wconf 89' lang='lat' dir='ltr'>cum</span> <span class='ocrx_word' id='word_1_300' title='bbox 1266 303 1400 335; x_wconf 85' lang='lat' dir='ltr'>dicitur:</span> <span class='ocrx_word' id='word_1_301' title='bbox 1415 303 1456 336; x_wconf 82' lang='lat' dir='ltr'>Et</span> <span class='ocrx_word' id='word_1_302' title='bbox 1464 303 1596 336; x_wconf 65' lang='lat' dir='ltr'>ccelesiis</span> <span class='ocrx_word' id='word_1_303' title='bbox 1610 305 1731 344; x_wconf 72' lang='lat' dir='ltr'>quietis</span> <span class='ocrx_word' id='word_1_304' title='bbox 1743 312 1822 338; x_wconf 81' lang='lat' dir='ltr'>ana-</span> 
     </span>
     <span class='ocr_line' id='line_1_50' title="bbox 1045 364 1165 397; baseline -0.008 -9"><span class='ocrx_word' id='word_1_305' title='bbox 1045 364 1165 397; x_wconf 70' lang='lat' dir='ltr'>qoqem.</span> 
     </span>
    </p>

    <p class='ocr_par' dir='ltr' id='par_1_8' title="bbox 1042 409 1821 769">
     <span class='ocr_line' id='line_1_51' title="bbox 1085 409 1818 452; baseline 0.005 -12"><span class='ocrx_word' id='word_1_306' title='bbox 1085 409 1246 446; x_wconf 82' lang='lat' dir='ltr'>Quantum</span> <span class='ocrx_word' id='word_1_307' title='bbox 1267 410 1306 441; x_wconf 88' lang='lat' dir='ltr'>ad</span> <span class='ocrx_word' id='word_1_308' title='bbox 1327 410 1592 450; x_wconf 85' lang='lat' dir='ltr'>significationem</span> <span class='ocrx_word' id='word_1_309' title='bbox 1615 413 1708 450; x_wconf 86' lang='lat' dir='ltr'>nota,</span> <span class='ocrx_word' id='word_1_310' title='bbox 1733 413 1818 452; x_wconf 88' lang='lat' dir='ltr'>quod</span> 
     </span>
     <span class='ocr_line' id='line_1_52' title="bbox 1044 463 1821 504; baseline 0.003 -10"><span class='ocrx_word' id='word_1_311' title='bbox 1044 463 1078 494; x_wconf 92' lang='lat' dir='ltr'>in</span> <span class='ocrx_word' id='word_1_312' title='bbox 1092 463 1258 504; x_wconf 84' lang='lat' dir='ltr'>baptismo,</span> <span class='ocrx_word' id='word_1_313' title='bbox 1275 463 1357 494; x_wconf 92' lang='lat' dir='ltr'>sicut</span> <span class='ocrx_word' id='word_1_314' title='bbox 1367 464 1400 494; x_wconf 94' lang='lat' dir='ltr'>in</span> <span class='ocrx_word' id='word_1_315' title='bbox 1410 463 1533 494; x_wconf 88' lang='lat' dir='ltr'>caeteris</span> <span class='ocrx_word' id='word_1_316' title='bbox 1543 464 1757 503; x_wconf 84' lang='lat' dir='ltr'>sacramentis,</span> <span class='ocrx_word' id='word_1_317' title='bbox 1773 467 1821 496; x_wconf 84' lang='lat' dir='ltr'>est</span> 
     </span>
     <span class='ocr_line' id='line_1_53' title="bbox 1043 516 1821 557; baseline 0.004 -11"><span class='ocrx_word' id='word_1_318' title='bbox 1043 516 1163 556; x_wconf 87' lang='lat' dir='ltr'>aliquid</span> <span class='ocrx_word' id='word_1_319' title='bbox 1177 516 1261 557; x_wconf 90' lang='lat' dir='ltr'>quod</span> <span class='ocrx_word' id='word_1_320' title='bbox 1282 519 1329 547; x_wconf 87' lang='lat' dir='ltr'>est</span> <span class='ocrx_word' id='word_1_321' title='bbox 1342 519 1468 548; x_wconf 85' lang='lat' dir='ltr'>tantum</span> <span class='ocrx_word' id='word_1_322' title='bbox 1483 519 1736 556; x_wconf 80' lang='lat' dir='ltr'>sacramentum,</span> <span class='ocrx_word' id='word_1_323' title='bbox 1751 518 1821 549; x_wconf 87' lang='lat' dir='ltr'>sive</span> 
     </span>
     <span class='ocr_line' id='line_1_54' title="bbox 1043 569 1818 610; baseline 0.003 -11"><span class='ocrx_word' id='word_1_324' title='bbox 1043 569 1173 609; x_wconf 84' lang='lat' dir='ltr'>signum</span> <span class='ocrx_word' id='word_1_325' title='bbox 1189 569 1374 609; x_wconf 85' lang='lat' dir='ltr'>significans</span> <span class='ocrx_word' id='word_1_326' title='bbox 1384 594 1393 608; x_wconf 98' lang='lat'>,</span> <span class='ocrx_word' id='word_1_327' title='bbox 1412 572 1448 601; x_wconf 91' lang='lat' dir='ltr'>ut</span> <span class='ocrx_word' id='word_1_328' title='bbox 1461 570 1656 601; x_wconf 85' lang='lat' dir='ltr'>elementum</span> <span class='ocrx_word' id='word_1_329' title='bbox 1671 571 1796 602; x_wconf 89' lang='lat' dir='ltr'>visibile</span> <span class='ocrx_word' id='word_1_330' title='bbox 1810 581 1818 610; x_wconf 94' lang='lat'>;</span> 
     </span>
     <span class='ocr_line' id='line_1_55' title="bbox 1043 623 1820 664; baseline 0 -10"><span class='ocrx_word' id='word_1_331' title='bbox 1043 623 1162 663; x_wconf 86' lang='lat' dir='ltr'>aliquid</span> <span class='ocrx_word' id='word_1_332' title='bbox 1176 626 1223 654; x_wconf 86' lang='lat' dir='ltr'>est</span> <span class='ocrx_word' id='word_1_333' title='bbox 1239 633 1292 655; x_wconf 91' lang='lat' dir='ltr'>res</span> <span class='ocrx_word' id='word_1_334' title='bbox 1311 626 1436 655; x_wconf 86' lang='lat' dir='ltr'>tantum</span> <span class='ocrx_word' id='word_1_335' title='bbox 1451 624 1647 663; x_wconf 79' lang='lat' dir='ltr'>significata,</span> <span class='ocrx_word' id='word_1_336' title='bbox 1664 625 1701 655; x_wconf 90' lang='lat' dir='ltr'>ut</span> <span class='ocrx_word' id='word_1_337' title='bbox 1715 625 1820 664; x_wconf 84' lang='lat' dir='ltr'>gratia</span> 
     </span>
     <span class='ocr_line' id='line_1_56' title="bbox 1042 677 1820 717; baseline 0.001 -10"><span class='ocrx_word' id='word_1_338' title='bbox 1042 686 1176 715; x_wconf 84' lang='lat' dir='ltr'>curans3</span> <span class='ocrx_word' id='word_1_339' title='bbox 1194 677 1281 708; x_wconf 90' lang='lat' dir='ltr'>aliud</span> <span class='ocrx_word' id='word_1_340' title='bbox 1299 677 1386 717; x_wconf 91' lang='lat' dir='ltr'>quod</span> <span class='ocrx_word' id='word_1_341' title='bbox 1407 679 1454 708; x_wconf 89' lang='lat' dir='ltr'>est</span> <span class='ocrx_word' id='word_1_342' title='bbox 1474 679 1709 708; x_wconf 87' lang='lat' dir='ltr'>sacramentum</span> <span class='ocrx_word' id='word_1_343' title='bbox 1725 679 1756 708; x_wconf 88' lang='lat' dir='ltr'>et</span> <span class='ocrx_word' id='word_1_344' title='bbox 1768 686 1820 708; x_wconf 89' lang='lat' dir='ltr'>res</span> 
     </span>
     <span class='ocr_line' id='line_1_57' title="bbox 1042 730 1423 769; baseline 0.003 -9"><span class='ocrx_word' id='word_1_345' title='bbox 1042 730 1181 769; x_wconf 84' lang='lat' dir='ltr'>signata,</span> <span class='ocrx_word' id='word_1_346' title='bbox 1200 732 1236 760; x_wconf 92' lang='lat' dir='ltr'>ut</span> <span class='ocrx_word' id='word_1_347' title='bbox 1252 730 1423 761; x_wconf 84' lang='lat' dir='ltr'>character.</span> 
     </span>
    </p>

    <p class='ocr_par' dir='ltr' id='par_1_9' title="bbox 1040 782 1819 1142">
     <span class='ocr_line' id='line_1_58' title="bbox 1083 782 1819 824; baseline 0.001 -11"><span class='ocrx_word' id='word_1_348' title='bbox 1083 782 1198 814; x_wconf 79' lang='lat' dir='ltr'>Forma</span> <span class='ocrx_word' id='word_1_349' title='bbox 1209 807 1218 822; x_wconf 96' lang='lat'>,</span> <span class='ocrx_word' id='word_1_350' title='bbox 1235 783 1364 824; x_wconf 83' lang='lat' dir='ltr'>quando</span> <span class='ocrx_word' id='word_1_351' title='bbox 1379 792 1458 823; x_wconf 91' lang='lat' dir='ltr'>puer</span> <span class='ocrx_word' id='word_1_352' title='bbox 1472 783 1695 822; x_wconf 77' lang='lat' dir='ltr'>immergitur,</span> <span class='ocrx_word' id='word_1_353' title='bbox 1709 784 1819 823; x_wconf 85' lang='lat' dir='ltr'>expri-</span> 
     </span>
     <span class='ocr_line' id='line_1_59' title="bbox 1043 836 1819 876; baseline 0.004 -10"><span class='ocrx_word' id='word_1_354' title='bbox 1043 837 1157 867; x_wconf 81' lang='lat' dir='ltr'>menda</span> <span class='ocrx_word' id='word_1_355' title='bbox 1177 839 1224 867; x_wconf 86' lang='lat' dir='ltr'>est</span> <span class='ocrx_word' id='word_1_356' title='bbox 1244 837 1314 868; x_wconf 90' lang='lat' dir='ltr'>haec</span> <span class='ocrx_word' id='word_1_357' title='bbox 1330 847 1337 867; x_wconf 77' lang='lat' dir='ltr'>z</span> <span class='ocrx_word' id='word_1_358' title='bbox 1355 837 1420 876; x_wconf 75' lang='lat' dir='ltr'>qu</span> <span class='ocrx_word' id='word_1_359' title='bbox 1435 836 1565 876; x_wconf 77' lang='lat' dir='ltr'>baptizo</span> <span class='ocrx_word' id='word_1_360' title='bbox 1579 840 1608 868; x_wconf 77' lang='lat' dir='ltr'>te</span> <span class='ocrx_word' id='word_1_361' title='bbox 1630 837 1668 868; x_wconf 83' lang='lat' dir='ltr'>in</span> <span class='ocrx_word' id='word_1_362' title='bbox 1691 837 1819 869; x_wconf 64' lang='lat' dir='ltr'>’tornine</span> 
     </span>
     <span class='ocr_line' id='line_1_60' title="bbox 1042 890 1816 929; baseline 0 -7"><span class='ocrx_word' id='word_1_363' title='bbox 1042 890 1153 922; x_wconf 81' lang='lat' dir='ltr'>Patris</span> <span class='ocrx_word' id='word_1_364' title='bbox 1165 915 1173 928; x_wconf 90' lang='lat'>‚</span> <span class='ocrx_word' id='word_1_365' title='bbox 1190 893 1218 922; x_wconf 76' lang='lat' dir='ltr'>et</span> <span class='ocrx_word' id='word_1_366' title='bbox 1242 890 1342 928; x_wconf 84' lang='lat' dir='ltr'>Filii,</span> <span class='ocrx_word' id='word_1_367' title='bbox 1358 893 1389 922; x_wconf 83' lang='lat' dir='ltr'>et</span> <span class='ocrx_word' id='word_1_368' title='bbox 1409 890 1553 929; x_wconf 79' lang='lat' dir='ltr'>Spiritus</span> <span class='ocrx_word' id='word_1_369' title='bbox 1571 891 1686 922; x_wconf 80' lang='lat' dir='ltr'>sancti.</span> <span class='ocrx_word' id='word_1_370' title='bbox 1706 891 1816 922; x_wconf 82' lang='lat' dir='ltr'>Amen.</span> 
     </span>
     <span class='ocr_line' id='line_1_61' title="bbox 1042 943 1819 983; baseline 0.001 -9"><span class='ocrx_word' id='word_1_371' title='bbox 1042 943 1117 974; x_wconf 89' lang='lat' dir='ltr'>Haec</span> <span class='ocrx_word' id='word_1_372' title='bbox 1148 943 1251 974; x_wconf 86' lang='lat' dir='ltr'>forma</span> <span class='ocrx_word' id='word_1_373' title='bbox 1273 943 1366 974; x_wconf 88' lang='lat' dir='ltr'>debet</span> <span class='ocrx_word' id='word_1_374' title='bbox 1394 943 1531 983; x_wconf 89' lang='lat' dir='ltr'>exprimi</span> <span class='ocrx_word' id='word_1_375' title='bbox 1555 943 1624 973; x_wconf 91' lang='lat' dir='ltr'>sine</span> <span class='ocrx_word' id='word_1_376' title='bbox 1649 943 1819 975; x_wconf 86' lang='lat' dir='ltr'>omissione</span> 
     </span>
     <span class='ocr_line' id='line_1_62' title="bbox 1041 995 1819 1035; baseline -0.001 -7"><span class='ocrx_word' id='word_1_377' title='bbox 1041 997 1162 1035; x_wconf 90' lang='lat' dir='ltr'>vocali,</span> <span class='ocrx_word' id='word_1_378' title='bbox 1190 997 1258 1027; x_wconf 90' lang='lat' dir='ltr'>sine</span> <span class='ocrx_word' id='word_1_379' title='bbox 1288 996 1521 1028; x_wconf 86' lang='lat' dir='ltr'>intermissione</span> <span class='ocrx_word' id='word_1_380' title='bbox 1550 995 1697 1026; x_wconf 77' lang='lat' dir='ltr'>vocabuli</span> <span class='ocrx_word' id='word_1_381' title='bbox 1711 1020 1718 1034; x_wconf 93' lang='lat'>,</span> <span class='ocrx_word' id='word_1_382' title='bbox 1751 996 1819 1027; x_wconf 88' lang='lat' dir='ltr'>sine</span> 
     </span>
     <span class='ocr_line' id='line_1_63' title="bbox 1041 1049 1819 1090; baseline -0.003 -9"><span class='ocrx_word' id='word_1_383' title='bbox 1041 1050 1321 1090; x_wconf 85' lang='lat' dir='ltr'>praeposteratione</span> <span class='ocrx_word' id='word_1_384' title='bbox 1345 1049 1466 1080; x_wconf 88' lang='lat' dir='ltr'>ordinis</span> <span class='ocrx_word' id='word_1_385' title='bbox 1490 1049 1678 1089; x_wconf 83' lang='lat' dir='ltr'>supradicti,</span> <span class='ocrx_word' id='word_1_386' title='bbox 1701 1051 1731 1080; x_wconf 88' lang='lat' dir='ltr'>et</span> <span class='ocrx_word' id='word_1_387' title='bbox 1753 1049 1819 1080; x_wconf 89' lang='lat' dir='ltr'>sine</span> 
     </span>
     <span class='ocr_line' id='line_1_64' title="bbox 1040 1103 1673 1142; baseline -0.002 -8"><span class='ocrx_word' id='word_1_388' title='bbox 1040 1104 1288 1134; x_wconf 80' lang='lat' dir='ltr'>commutatione</span> <span class='ocrx_word' id='word_1_389' title='bbox 1304 1103 1424 1133; x_wconf 88' lang='lat' dir='ltr'>ordinis</span> <span class='ocrx_word' id='word_1_390' title='bbox 1438 1103 1673 1142; x_wconf 63' lang='lat' dir='ltr'>praenominati.</span> 
     </span>
    </p>

    <p class='ocr_par' dir='ltr' id='par_1_10' title="bbox 1039 1155 1818 1623">
     <span class='ocr_line' id='line_1_65' title="bbox 1080 1155 1818 1196; baseline 0 -8"><span class='ocrx_word' id='word_1_391' title='bbox 1080 1157 1218 1188; x_wconf 79' lang='lat' dir='ltr'>Effectus</span> <span class='ocrx_word' id='word_1_392' title='bbox 1232 1158 1351 1194; x_wconf 86' lang='lat' dir='ltr'>autem,</span> <span class='ocrx_word' id='word_1_393' title='bbox 1363 1156 1420 1196; x_wconf 89' lang='lat' dir='ltr'>qui</span> <span class='ocrx_word' id='word_1_394' title='bbox 1434 1156 1589 1196; x_wconf 87' lang='lat' dir='ltr'>recipitur</span> <span class='ocrx_word' id='word_1_395' title='bbox 1607 1156 1641 1186; x_wconf 92' lang='lat' dir='ltr'>in</span> <span class='ocrx_word' id='word_1_396' title='bbox 1657 1155 1818 1196; x_wconf 89' lang='lat' dir='ltr'>Baptismo</span> 
     </span>
     <span class='ocr_line' id='line_1_66' title="bbox 1039 1208 1818 1247; baseline 0 -7"><span class='ocrx_word' id='word_1_397' title='bbox 1039 1209 1079 1240; x_wconf 87' lang='lat' dir='ltr'>ab</span> <span class='ocrx_word' id='word_1_398' title='bbox 1094 1209 1225 1240; x_wconf 87' lang='lat' dir='ltr'>homine</span> <span class='ocrx_word' id='word_1_399' title='bbox 1239 1209 1405 1240; x_wconf 88' lang='lat' dir='ltr'>humiliter</span> <span class='ocrx_word' id='word_1_400' title='bbox 1426 1208 1609 1247; x_wconf 86' lang='lat' dir='ltr'>accedente,</span> <span class='ocrx_word' id='word_1_401' title='bbox 1627 1211 1673 1239; x_wconf 91' lang='lat' dir='ltr'>est</span> <span class='ocrx_word' id='word_1_402' title='bbox 1686 1209 1818 1240; x_wconf 86' lang='lat' dir='ltr'>charac-</span> 
     </span>
     <span class='ocr_line' id='line_1_67' title="bbox 1041 1263 1818 1303; baseline 0 -10"><span class='ocrx_word' id='word_1_403' title='bbox 1041 1263 1117 1294; x_wconf 83' lang='lat' dir='ltr'>teris</span> <span class='ocrx_word' id='word_1_404' title='bbox 1134 1263 1300 1303; x_wconf 88' lang='lat' dir='ltr'>impressio</span> <span class='ocrx_word' id='word_1_405' title='bbox 1312 1287 1321 1300; x_wconf 93' lang='lat'>,</span> <span class='ocrx_word' id='word_1_406' title='bbox 1340 1263 1453 1302; x_wconf 65' lang='lat' dir='ltr'>gratiae</span> <span class='ocrx_word' id='word_1_407' title='bbox 1469 1263 1601 1300; x_wconf 83' lang='lat' dir='ltr'>int&#39;usio,</span> <span class='ocrx_word' id='word_1_408' title='bbox 1619 1265 1650 1293; x_wconf 89' lang='lat' dir='ltr'>et</span> <span class='ocrx_word' id='word_1_409' title='bbox 1664 1263 1818 1294; x_wconf 90' lang='lat' dir='ltr'>innocen-</span> 
     </span>
     <span class='ocr_line' id='line_1_68' title="bbox 1039 1316 1816 1356; baseline 0 -9"><span class='ocrx_word' id='word_1_410' title='bbox 1039 1318 1092 1348; x_wconf 77' lang='lat' dir='ltr'>tiae</span> <span class='ocrx_word' id='word_1_411' title='bbox 1108 1317 1276 1355; x_wconf 87' lang='lat' dir='ltr'>restitutio,</span> <span class='ocrx_word' id='word_1_412' title='bbox 1294 1317 1364 1347; x_wconf 82' lang='lat' dir='ltr'>coeli</span> <span class='ocrx_word' id='word_1_413' title='bbox 1383 1317 1514 1356; x_wconf 86' lang='lat' dir='ltr'>apertio.</span> <span class='ocrx_word' id='word_1_414' title='bbox 1533 1316 1649 1353; x_wconf 81' lang='lat' dir='ltr'>Gratia,</span> <span class='ocrx_word' id='word_1_415' title='bbox 1673 1316 1681 1346; x_wconf 89' lang='lat' dir='ltr'>i</span> <span class='ocrx_word' id='word_1_416' title='bbox 1707 1326 1816 1356; x_wconf 84' lang='lat' dir='ltr'>quam,</span> 
     </span>
     <span class='ocr_line' id='line_1_69' title="bbox 1041 1369 1818 1409; baseline -0.003 -8"><span class='ocrx_word' id='word_1_417' title='bbox 1041 1371 1219 1401; x_wconf 76' lang='lat' dir='ltr'>infunditur</span> <span class='ocrx_word' id='word_1_418' title='bbox 1234 1379 1444 1409; x_wconf 81' lang='lat' dir='ltr'>regenerans,</span> <span class='ocrx_word' id='word_1_419' title='bbox 1466 1369 1659 1407; x_wconf 78' lang='lat' dir='ltr'>rectificans,</span> <span class='ocrx_word' id='word_1_420' title='bbox 1676 1371 1707 1400; x_wconf 87' lang='lat' dir='ltr'>et</span> <span class='ocrx_word' id='word_1_421' title='bbox 1729 1370 1818 1409; x_wconf 89' lang='lat' dir='ltr'>puri-</span> 
     </span>
     <span class='ocr_line' id='line_1_70' title="bbox 1040 1422 1817 1463; baseline -0.003 -9"><span class='ocrx_word' id='word_1_422' title='bbox 1040 1425 1139 1454; x_wconf 76' lang='lat' dir='ltr'>ficans</span> <span class='ocrx_word' id='word_1_423' title='bbox 1162 1424 1201 1454; x_wconf 88' lang='lat' dir='ltr'>ab</span> <span class='ocrx_word' id='word_1_424' title='bbox 1224 1424 1311 1454; x_wconf 89' lang='lat' dir='ltr'>omni</span> <span class='ocrx_word' id='word_1_425' title='bbox 1336 1423 1427 1463; x_wconf 81' lang='lat' dir='ltr'>culpa</span> <span class='ocrx_word' id='word_1_426' title='bbox 1454 1423 1603 1461; x_wconf 78' lang='lat' dir='ltr'>originali</span> <span class='ocrx_word' id='word_1_427' title='bbox 1627 1424 1658 1452; x_wconf 85' lang='lat' dir='ltr'>et</span> <span class='ocrx_word' id='word_1_428' title='bbox 1682 1422 1817 1460; x_wconf 82' lang='lat' dir='ltr'>actuali,</span> 
     </span>
     <span class='ocr_line' id='line_1_71' title="bbox 1039 1475 1818 1516; baseline -0.003 -9"><span class='ocrx_word' id='word_1_429' title='bbox 1039 1480 1104 1508; x_wconf 88' lang='lat' dir='ltr'>tam</span> <span class='ocrx_word' id='word_1_430' title='bbox 1124 1477 1265 1514; x_wconf 87' lang='lat' dir='ltr'>mortali,</span> <span class='ocrx_word' id='word_1_431' title='bbox 1288 1486 1383 1516; x_wconf 88' lang='lat' dir='ltr'>quam</span> <span class='ocrx_word' id='word_1_432' title='bbox 1401 1476 1528 1513; x_wconf 68' lang='lat' dir='ltr'>veniali,</span> <span class='ocrx_word' id='word_1_433' title='bbox 1545 1475 1714 1506; x_wconf 77' lang='lat' dir='ltr'>absolvens</span> <span class='ocrx_word' id='word_1_434' title='bbox 1729 1475 1818 1505; x_wconf 85' lang='lat' dir='ltr'>nihi-</span> 
     </span>
     <span class='ocr_line' id='line_1_72' title="bbox 1039 1529 1817 1570; baseline -0.003 -9"><span class='ocrx_word' id='word_1_435' title='bbox 1039 1531 1177 1561; x_wconf 91' lang='lat' dir='ltr'>lominus</span> <span class='ocrx_word' id='word_1_436' title='bbox 1192 1540 1210 1561; x_wconf 90' lang='lat' dir='ltr'>a</span> <span class='ocrx_word' id='word_1_437' title='bbox 1228 1539 1320 1570; x_wconf 82' lang='lat' dir='ltr'>poeua</span> <span class='ocrx_word' id='word_1_438' title='bbox 1336 1529 1477 1561; x_wconf 86' lang='lat' dir='ltr'>aeternali</span> <span class='ocrx_word' id='word_1_439' title='bbox 1490 1554 1497 1567; x_wconf 89' lang='lat'>,</span> <span class='ocrx_word' id='word_1_440' title='bbox 1520 1532 1550 1560; x_wconf 90' lang='lat' dir='ltr'>et</span> <span class='ocrx_word' id='word_1_441' title='bbox 1565 1530 1604 1560; x_wconf 90' lang='lat' dir='ltr'>ab</span> <span class='ocrx_word' id='word_1_442' title='bbox 1619 1530 1705 1560; x_wconf 90' lang='lat' dir='ltr'>omni</span> <span class='ocrx_word' id='word_1_443' title='bbox 1725 1538 1817 1569; x_wconf 82' lang='lat' dir='ltr'>poena</span> 
     </span>
     <span class='ocr_line' id='line_1_73' title="bbox 1041 1583 1442 1623; baseline 0 -9"><span class='ocrx_word' id='word_1_444' title='bbox 1041 1583 1246 1614; x_wconf 73' lang='lat' dir='ltr'>satisfactoria</span> <span class='ocrx_word' id='word_1_445' title='bbox 1265 1583 1442 1623; x_wconf 85' lang='lat' dir='ltr'>temporali.</span> 
     </span>
    </p>
   </div>
   <div class='ocr_carea' id='block_1_8' title="bbox 1835 414 1942 466">
    <p class='ocr_par' dir='ltr' id='par_1_11' title="bbox 1835 414 1942 466">
     <span class='ocr_line' id='line_1_74' title="bbox 1870 414 1942 441; baseline 0 -6"><span class='ocrx_word' id='word_1_446' title='bbox 1870 414 1942 441; x_wconf 73' lang='lat' dir='ltr'>Signi-</span> 
     </span>
     <span class='ocr_line' id='line_1_75' title="bbox 1835 445 1916 466; baseline 0 0"><span class='ocrx_word' id='word_1_447' title='bbox 1835 445 1916 466; x_wconf 63' lang='lat' dir='ltr'>ficatio.</span> 
     </span>
    </p>
   </div>
   <div class='ocr_carea' id='block_1_9' title="bbox 1853 787 1942 807">
    <p class='ocr_par' dir='ltr' id='par_1_12' title="bbox 1853 787 1942 807">
     <span class='ocr_line' id='line_1_76' title="bbox 1853 787 1942 807; baseline 0.011 -1"><span class='ocrx_word' id='word_1_448' title='bbox 1853 787 1942 807; x_wconf 71' lang='lat' dir='ltr'>Forma.</span> 
     </span>
    </p>
   </div>
   <div class='ocr_carea' id='block_1_10' title="bbox 1834 1162 1939 1183">
    <p class='ocr_par' dir='ltr' id='par_1_13' title="bbox 1834 1162 1939 1183">
     <span class='ocr_line' id='line_1_77' title="bbox 1834 1162 1939 1183; baseline 0.01 -1"><span class='ocrx_word' id='word_1_449' title='bbox 1834 1162 1939 1183; x_wconf 69' lang='lat' dir='ltr'>Effectus.</span> 
     </span>
    </p>
   </div>
   <div class='ocr_carea' id='block_1_11' title="bbox 1080 1636 1939 1676">
    <p class='ocr_par' dir='ltr' id='par_1_14' title="bbox 1080 1636 1939 1676">
     <span class='ocr_line' id='line_1_78' title="bbox 1080 1636 1939 1676; baseline -0.005 -8"><span class='ocrx_word' id='word_1_450' title='bbox 1080 1638 1295 1676; x_wconf 78' lang='lat' dir='ltr'>Distingnitur</span> <span class='ocrx_word' id='word_1_451' title='bbox 1330 1640 1436 1667; x_wconf 87' lang='lat' dir='ltr'>autem</span> <span class='ocrx_word' id='word_1_452' title='bbox 1474 1636 1588 1676; x_wconf 74' lang='lat' dir='ltr'>triplex</span> <span class='ocrx_word' id='word_1_453' title='bbox 1616 1636 1815 1676; x_wconf 85' lang='lat' dir='ltr'>baptismus,</span> <span class='ocrx_word' id='word_1_454' title='bbox 1845 1640 1939 1662; x_wconf 70' lang='lat' dir='ltr'>Distine-</span> 
     </span>
    </p>
   </div>
   <div class='ocr_carea' id='block_1_12' title="bbox 1040 1688 1819 2631">
    <p class='ocr_par' dir='ltr' id='par_1_15' title="bbox 1040 1688 1819 2261">
     <span class='ocr_line' id='line_1_79' title="bbox 1040 1688 1814 1728; baseline -0.003 -8"><span class='ocrx_word' id='word_1_455' title='bbox 1040 1690 1155 1720; x_wconf 75' lang='lat' dir='ltr'>s‹·ili‹·el</span> <span class='ocrx_word' id='word_1_456' title='bbox 1180 1690 1334 1728; x_wconf 72' lang='lat' dir='ltr'>flaminis,</span> <span class='ocrx_word' id='word_1_457' title='bbox 1360 1689 1505 1720; x_wconf 89' lang='lat' dir='ltr'>fluminis</span> <span class='ocrx_word' id='word_1_458' title='bbox 1527 1692 1557 1719; x_wconf 86' lang='lat' dir='ltr'>et</span> <span class='ocrx_word' id='word_1_459' title='bbox 1581 1689 1760 1728; x_wconf 80' lang='lat' dir='ltr'>sanguinis.</span> <span class='ocrx_word' id='word_1_460' title='bbox 1780 1688 1814 1718; x_wconf 87' lang='lat' dir='ltr'>ln</span> 
     </span>
     <span class='ocr_line' id='line_1_80' title="bbox 1040 1742 1818 1783; baseline -0.003 -10"><span class='ocrx_word' id='word_1_461' title='bbox 1040 1743 1197 1783; x_wconf 77' lang='lat' dir='ltr'>baptismo</span> <span class='ocrx_word' id='word_1_462' title='bbox 1213 1743 1370 1779; x_wconf 69' lang='lat' dir='ltr'>ssaininis,</span> <span class='ocrx_word' id='word_1_463' title='bbox 1389 1743 1443 1783; x_wconf 87' lang='lat' dir='ltr'>qui</span> <span class='ocrx_word' id='word_1_464' title='bbox 1460 1745 1505 1773; x_wconf 76' lang='lat' dir='ltr'>est</span> <span class='ocrx_word' id='word_1_465' title='bbox 1529 1751 1583 1782; x_wconf 86' lang='lat' dir='ltr'>per</span> <span class='ocrx_word' id='word_1_466' title='bbox 1600 1742 1818 1782; x_wconf 60' lang='lat' dir='ltr'>poenitentiam</span> 
     </span>
     <span class='ocr_line' id='line_1_81' title="bbox 1041 1796 1819 1836; baseline 0 -11"><span class='ocrx_word' id='word_1_467' title='bbox 1041 1799 1070 1826; x_wconf 86' lang='lat' dir='ltr'>et</span> <span class='ocrx_word' id='word_1_468' title='bbox 1096 1796 1233 1836; x_wconf 83' lang='lat' dir='ltr'>Spiritus</span> <span class='ocrx_word' id='word_1_469' title='bbox 1258 1796 1358 1826; x_wconf 83' lang='lat' dir='ltr'>sancti</span> <span class='ocrx_word' id='word_1_470' title='bbox 1387 1798 1544 1834; x_wconf 85' lang='lat' dir='ltr'>gratiam,</span> <span class='ocrx_word' id='word_1_471' title='bbox 1570 1796 1777 1835; x_wconf 87' lang='lat' dir='ltr'>purificamur</span> <span class='ocrx_word' id='word_1_472' title='bbox 1800 1806 1819 1825; x_wconf 87' lang='lat' dir='ltr'>a</span> 
     </span>
     <span class='ocr_line' id='line_1_82' title="bbox 1041 1849 1819 1889; baseline -0.001 -10"><span class='ocrx_word' id='word_1_473' title='bbox 1041 1849 1143 1889; x_wconf 86' lang='lat' dir='ltr'>culpa.</span> <span class='ocrx_word' id='word_1_474' title='bbox 1163 1849 1197 1879; x_wconf 91' lang='lat' dir='ltr'>Iu</span> <span class='ocrx_word' id='word_1_475' title='bbox 1221 1849 1378 1889; x_wconf 84' lang='lat' dir='ltr'>baptismo</span> <span class='ocrx_word' id='word_1_476' title='bbox 1401 1849 1559 1886; x_wconf 82' lang='lat' dir='ltr'>fluminis,</span> <span class='ocrx_word' id='word_1_477' title='bbox 1579 1849 1786 1888; x_wconf 72' lang='lat' dir='ltr'>puzificamur</span> <span class='ocrx_word' id='word_1_478' title='bbox 1801 1858 1819 1879; x_wconf 86' lang='lat' dir='ltr'>a</span> 
     </span>
     <span class='ocr_line' id='line_1_83' title="bbox 1041 1901 1818 1942; baseline -0.001 -10"><span class='ocrx_word' id='word_1_479' title='bbox 1041 1902 1150 1942; x_wconf 86' lang='lat' dir='ltr'>culpa,</span> <span class='ocrx_word' id='word_1_480' title='bbox 1167 1905 1195 1932; x_wconf 82' lang='lat' dir='ltr'>et</span> <span class='ocrx_word' id='word_1_481' title='bbox 1212 1912 1230 1932; x_wconf 88' lang='lat' dir='ltr'>a</span> <span class='ocrx_word' id='word_1_482' title='bbox 1251 1902 1457 1932; x_wconf 76' lang='lat' dir='ltr'>satisfact0r1a</span> <span class='ocrx_word' id='word_1_483' title='bbox 1477 1911 1582 1942; x_wconf 85' lang='lat' dir='ltr'>poena.</span> <span class='ocrx_word' id='word_1_484' title='bbox 1608 1901 1641 1932; x_wconf 90' lang='lat' dir='ltr'>In</span> <span class='ocrx_word' id='word_1_485' title='bbox 1662 1902 1818 1942; x_wconf 85' lang='lat' dir='ltr'>baptismo</span> 
     </span>
     <span class='ocr_line' id='line_1_84' title="bbox 1040 1955 1815 1995; baseline 0 -11"><span class='ocrx_word' id='word_1_486' title='bbox 1040 1956 1227 1994; x_wconf 73' lang='lat' dir='ltr'>sanguinis,</span> <span class='ocrx_word' id='word_1_487' title='bbox 1255 1955 1463 1995; x_wconf 81' lang='lat' dir='ltr'>purificamur</span> <span class='ocrx_word' id='word_1_488' title='bbox 1490 1955 1530 1985; x_wconf 88' lang='lat' dir='ltr'>ab</span> <span class='ocrx_word' id='word_1_489' title='bbox 1560 1955 1646 1985; x_wconf 90' lang='lat' dir='ltr'>omni</span> <span class='ocrx_word' id='word_1_490' title='bbox 1677 1955 1815 1985; x_wconf 79' lang='lat' dir='ltr'>miseria.</span> 
     </span>
     <span class='ocr_line' id='line_1_85' title="bbox 1040 2008 1815 2047; baseline -0.001 -9"><span class='ocrx_word' id='word_1_491' title='bbox 1040 2008 1108 2038; x_wconf 89' lang='lat' dir='ltr'>Non</span> <span class='ocrx_word' id='word_1_492' title='bbox 1125 2014 1200 2039; x_wconf 74' lang='lat' dir='ltr'>sunt</span> <span class='ocrx_word' id='word_1_493' title='bbox 1214 2011 1333 2045; x_wconf 81' lang='lat' dir='ltr'>antem,</span> <span class='ocrx_word' id='word_1_494' title='bbox 1353 2009 1530 2047; x_wconf 83' lang='lat' dir='ltr'>baptismus</span> <span class='ocrx_word' id='word_1_495' title='bbox 1546 2008 1683 2037; x_wconf 81' lang='lat' dir='ltr'>flaminis</span> <span class='ocrx_word' id='word_1_496' title='bbox 1699 2010 1729 2037; x_wconf 86' lang='lat' dir='ltr'>et</span> <span class='ocrx_word' id='word_1_497' title='bbox 1742 2017 1815 2037; x_wconf 87' lang='lat' dir='ltr'>sau-</span> 
     </span>
     <span class='ocr_line' id='line_1_86' title="bbox 1041 2061 1817 2100; baseline 0 -9"><span class='ocrx_word' id='word_1_498' title='bbox 1041 2062 1161 2099; x_wconf 78' lang='lat' dir='ltr'>guinis,</span> <span class='ocrx_word' id='word_1_499' title='bbox 1177 2064 1385 2096; x_wconf 73' lang='lat' dir='ltr'>sacramenta,</span> <span class='ocrx_word' id='word_1_500' title='bbox 1399 2071 1470 2092; x_wconf 80' lang='lat' dir='ltr'>euin</span> <span class='ocrx_word' id='word_1_501' title='bbox 1484 2062 1516 2091; x_wconf 88' lang='lat' dir='ltr'>in</span> <span class='ocrx_word' id='word_1_502' title='bbox 1529 2061 1573 2091; x_wconf 88' lang='lat' dir='ltr'>eis</span> <span class='ocrx_word' id='word_1_503' title='bbox 1585 2061 1731 2091; x_wconf 80' lang='lat' dir='ltr'>deficiant</span> <span class='ocrx_word' id='word_1_504' title='bbox 1745 2070 1817 2100; x_wconf 79' lang='lat' dir='ltr'>quae</span> 
     </span>
     <span class='ocr_line' id='line_1_87' title="bbox 1040 2114 1819 2154; baseline -0.001 -9"><span class='ocrx_word' id='word_1_505' title='bbox 1040 2115 1236 2145; x_wconf 86' lang='lat' dir='ltr'>conveniunt</span> <span class='ocrx_word' id='word_1_506' title='bbox 1260 2117 1479 2152; x_wconf 76' lang='lat' dir='ltr'>sacramento,</span> <span class='ocrx_word' id='word_1_507' title='bbox 1506 2114 1623 2144; x_wconf 90' lang='lat' dir='ltr'>scilicet</span> <span class='ocrx_word' id='word_1_508' title='bbox 1644 2123 1819 2154; x_wconf 63' lang='lat' dir='ltr'>repraesen—</span> 
     </span>
     <span class='ocr_line' id='line_1_88' title="bbox 1041 2168 1818 2207; baseline 0 -9"><span class='ocrx_word' id='word_1_509' title='bbox 1041 2169 1116 2199; x_wconf 87' lang='lat' dir='ltr'>tatio</span> <span class='ocrx_word' id='word_1_510' title='bbox 1140 2179 1179 2199; x_wconf 79' lang='lat' dir='ltr'>ex</span> <span class='ocrx_word' id='word_1_511' title='bbox 1202 2169 1427 2205; x_wconf 85' lang='lat' dir='ltr'>similitudine,</span> <span class='ocrx_word' id='word_1_512' title='bbox 1451 2168 1639 2207; x_wconf 73' lang='lat' dir='ltr'>significatio</span> <span class='ocrx_word' id='word_1_513' title='bbox 1662 2178 1701 2198; x_wconf 84' lang='lat' dir='ltr'>ex</span> <span class='ocrx_word' id='word_1_514' title='bbox 1727 2168 1818 2198; x_wconf 83' lang='lat' dir='ltr'>insti-</span> 
     </span>
     <span class='ocr_line' id='line_1_89' title="bbox 1041 2221 1815 2261; baseline -0.001 -9"><span class='ocrx_word' id='word_1_515' title='bbox 1041 2222 1176 2259; x_wconf 85' lang='lat' dir='ltr'>tutione,</span> <span class='ocrx_word' id='word_1_516' title='bbox 1194 2224 1225 2252; x_wconf 87' lang='lat' dir='ltr'>et</span> <span class='ocrx_word' id='word_1_517' title='bbox 1244 2221 1448 2252; x_wconf 75' lang='lat' dir='ltr'>sanctificatio</span> <span class='ocrx_word' id='word_1_518' title='bbox 1467 2230 1505 2251; x_wconf 85' lang='lat' dir='ltr'>ex</span> <span class='ocrx_word' id='word_1_519' title='bbox 1526 2221 1613 2251; x_wconf 78' lang='lat' dir='ltr'>verbi</span> <span class='ocrx_word' id='word_1_520' title='bbox 1631 2222 1815 2261; x_wconf 81' lang='lat' dir='ltr'>prolatione.</span> 
     </span>
    </p>

    <p class='ocr_par' dir='ltr' id='par_1_16' title="bbox 1040 2275 1816 2631">
     <span class='ocr_line' id='line_1_90' title="bbox 1082 2275 1814 2313; baseline -0.001 -8"><span class='ocrx_word' id='word_1_521' title='bbox 1082 2276 1243 2312; x_wconf 76' lang='lat' dir='ltr'>Quantum</span> <span class='ocrx_word' id='word_1_522' title='bbox 1279 2275 1317 2305; x_wconf 86' lang='lat' dir='ltr'>ad</span> <span class='ocrx_word' id='word_1_523' title='bbox 1353 2275 1566 2313; x_wconf 82' lang='lat' dir='ltr'>integritatem</span> <span class='ocrx_word' id='word_1_524' title='bbox 1603 2275 1814 2312; x_wconf 76' lang='lat' dir='ltr'>sacramenti,</span> 
     </span>
     <span class='ocr_line' id='line_1_91' title="bbox 1040 2328 1814 2364; baseline -0.003 -5"><span class='ocrx_word' id='word_1_525' title='bbox 1040 2329 1203 2359; x_wconf 82' lang='lat' dir='ltr'>sufficiunt</span> <span class='ocrx_word' id='word_1_526' title='bbox 1224 2329 1355 2359; x_wconf 86' lang='lat' dir='ltr'>verbum</span> <span class='ocrx_word' id='word_1_527' title='bbox 1374 2331 1403 2358; x_wconf 88' lang='lat' dir='ltr'>et</span> <span class='ocrx_word' id='word_1_528' title='bbox 1427 2328 1631 2357; x_wconf 87' lang='lat' dir='ltr'>elementum.</span> <span class='ocrx_word' id='word_1_529' title='bbox 1657 2328 1814 2364; x_wconf 73' lang='lat' dir='ltr'>Quantum</span> 
     </span>
     <span class='ocr_line' id='line_1_92' title="bbox 1040 2381 1814 2420; baseline -0.003 -8"><span class='ocrx_word' id='word_1_530' title='bbox 1040 2383 1079 2413; x_wconf 89' lang='lat' dir='ltr'>ad</span> <span class='ocrx_word' id='word_1_531' title='bbox 1102 2382 1355 2418; x_wconf 87' lang='lat' dir='ltr'>solemnitatem,</span> <span class='ocrx_word' id='word_1_532' title='bbox 1378 2381 1636 2420; x_wconf 73' lang='lat' dir='ltr'>p1·a=mitt11utu1·,</span> <span class='ocrx_word' id='word_1_533' title='bbox 1664 2383 1814 2420; x_wconf 84' lang='lat' dir='ltr'>tanquam</span> 
     </span>
     <span class='ocr_line' id='line_1_93' title="bbox 1041 2433 1815 2474; baseline -0.004 -9"><span class='ocrx_word' id='word_1_534' title='bbox 1041 2434 1283 2474; x_wconf 67' lang='lat' dir='ltr'>praeparatoria,</span> <span class='ocrx_word' id='word_1_535' title='bbox 1301 2433 1510 2463; x_wconf 80' lang='lat' dir='ltr'>catechismus</span> <span class='ocrx_word' id='word_1_536' title='bbox 1525 2436 1552 2463; x_wconf 83' lang='lat' dir='ltr'>ct</span> <span class='ocrx_word' id='word_1_537' title='bbox 1570 2433 1767 2463; x_wconf 69' lang='lat' dir='ltr'>exorcismus</span> <span class='ocrx_word' id='word_1_538' title='bbox 1783 2433 1815 2462; x_wconf 88' lang='lat' dir='ltr'>iu</span> 
     </span>
     <span class='ocr_line' id='line_1_94' title="bbox 1041 2485 1816 2527; baseline -0.003 -9"><span class='ocrx_word' id='word_1_539' title='bbox 1041 2488 1184 2527; x_wconf 86' lang='lat' dir='ltr'>parvulis</span> <span class='ocrx_word' id='word_1_540' title='bbox 1198 2490 1229 2517; x_wconf 89' lang='lat' dir='ltr'>et</span> <span class='ocrx_word' id='word_1_541' title='bbox 1243 2487 1357 2517; x_wconf 86' lang='lat' dir='ltr'>adultis</span> <span class='ocrx_word' id='word_1_542' title='bbox 1373 2498 1378 2516; x_wconf 88' lang='lat'><strong>:</strong></span> <span class='ocrx_word' id='word_1_543' title='bbox 1399 2487 1441 2516; x_wconf 83' lang='lat' dir='ltr'>ita</span> <span class='ocrx_word' id='word_1_544' title='bbox 1453 2489 1570 2523; x_wconf 79' lang='lat' dir='ltr'>tamen,</span> <span class='ocrx_word' id='word_1_545' title='bbox 1585 2486 1667 2524; x_wconf 80' lang='lat' dir='ltr'>quod</span> <span class='ocrx_word' id='word_1_546' title='bbox 1682 2486 1713 2515; x_wconf 93' lang='lat' dir='ltr'>in</span> <span class='ocrx_word' id='word_1_547' title='bbox 1731 2485 1816 2516; x_wconf 88' lang='lat' dir='ltr'>adul-</span> 
     </span>
     <span class='ocr_line' id='line_1_95' title="bbox 1040 2538 1813 2580; baseline -0.004 -9"><span class='ocrx_word' id='word_1_548' title='bbox 1040 2542 1079 2571; x_wconf 88' lang='lat' dir='ltr'>tis</span> <span class='ocrx_word' id='word_1_549' title='bbox 1095 2540 1264 2580; x_wconf 74' lang='lat' dir='ltr'>requiritur</span> <span class='ocrx_word' id='word_1_550' title='bbox 1282 2540 1358 2569; x_wconf 80' lang='lat' dir='ltr'>tides</span> <span class='ocrx_word' id='word_1_551' title='bbox 1381 2539 1523 2578; x_wconf 80' lang='lat' dir='ltr'>propria,</span> <span class='ocrx_word' id='word_1_552' title='bbox 1544 2539 1574 2568; x_wconf 92' lang='lat' dir='ltr'>in</span> <span class='ocrx_word' id='word_1_553' title='bbox 1591 2538 1732 2577; x_wconf 85' lang='lat' dir='ltr'>parvulis</span> <span class='ocrx_word' id='word_1_554' title='bbox 1747 2539 1813 2569; x_wconf 88' lang='lat' dir='ltr'>suf-</span> 
     </span>
     <span class='ocr_line' id='line_1_96' title="bbox 1040 2591 1815 2631; baseline -0.004 -7"><span class='ocrx_word' id='word_1_555' title='bbox 1040 2594 1102 2624; x_wconf 83' lang='lat' dir='ltr'>ficit</span> <span class='ocrx_word' id='word_1_556' title='bbox 1126 2594 1240 2623; x_wconf 82' lang='lat' dir='ltr'>aliena.</span> <span class='ocrx_word' id='word_1_557' title='bbox 1265 2592 1424 2629; x_wconf 84' lang='lat' dir='ltr'>Quantum</span> <span class='ocrx_word' id='word_1_558' title='bbox 1450 2591 1488 2620; x_wconf 89' lang='lat' dir='ltr'>ad</span> <span class='ocrx_word' id='word_1_559' title='bbox 1510 2591 1691 2627; x_wconf 77' lang='lat' dir='ltr'>veritatem,</span> <span class='ocrx_word' id='word_1_560' title='bbox 1710 2592 1815 2631; x_wconf 84' lang='lat' dir='ltr'>requi-</span> 
     </span>
    </p>
   </div>
   <div class='ocr_carea' id='block_1_13' title="bbox 1040 2671 1814 2739">
    <p class='ocr_par' dir='ltr' id='par_1_17' title="bbox 1040 2671 1814 2739">
     <span class='ocr_line' id='line_1_97' title="bbox 1072 2671 1814 2704; baseline -0.001 -7"><span class='ocrx_word' id='word_1_561' title='bbox 1072 2675 1104 2704; x_wconf 70' lang='grc' dir='ltr'>(α)</span> <span class='ocrx_word' id='word_1_562' title='bbox 1126 2676 1186 2698; x_wconf 66' lang='grc' dir='ltr'>(Ῑιτί.</span> <span class='ocrx_word' id='word_1_563' title='bbox 1207 2673 1267 2696; x_wconf 77' lang='lat' dir='ltr'>edit.</span> <span class='ocrx_word' id='word_1_564' title='bbox 1287 2672 1352 2695; x_wconf 70' lang='lat' dir='ltr'>deest</span> <span class='ocrx_word' id='word_1_565' title='bbox 1369 2672 1409 2695; x_wconf 78' lang='lat' dir='ltr'>ad.</span> <span class='ocrx_word' id='word_1_566' title='bbox 1430 2684 1459 2688; x_wconf 93' lang='lat'>——</span> <span class='ocrx_word' id='word_1_567' title='bbox 1482 2671 1514 2701; x_wconf 79' lang='lat' dir='ltr'>(b)</span> <span class='ocrx_word' id='word_1_568' title='bbox 1537 2672 1595 2702; x_wconf 56' lang='grc' dir='ltr'>ὑφ’</span> <span class='ocrx_word' id='word_1_569' title='bbox 1619 2672 1774 2702; x_wconf 81' lang='lat' dir='ltr'>fruitionem,</span> <span class='ocrx_word' id='word_1_570' title='bbox 1790 2674 1814 2696; x_wconf 82' lang='lat' dir='ltr'>et</span> 
     </span>
     <span class='ocr_line' id='line_1_98' title="bbox 1040 2710 1211 2739; baseline 0 -7"><span class='ocrx_word' id='word_1_571' title='bbox 1040 2710 1076 2732; x_wconf 77' lang='lat' dir='ltr'>sic</span> <span class='ocrx_word' id='word_1_572' title='bbox 1091 2710 1211 2739; x_wconf 74' lang='lat' dir='ltr'>deinceps.</span> 
     </span>
    </p>
   </div>
   <div class='ocr_carea' id='block_1_14' title="bbox 1831 1671 1871 1693">
    <p class='ocr_par' dir='ltr' id='par_1_18' title="bbox 1831 1671 1871 1693">
     <span class='ocr_line' id='line_1_99' title="bbox 1831 1671 1871 1693; baseline 0.025 -1"><span class='ocrx_word' id='word_1_573' title='bbox 1831 1671 1871 1693; x_wconf 76' lang='lat' dir='ltr'>tio.</span> 
     </span>
    </p>
   </div>
   <div class='ocr_carea' id='block_1_15' title="bbox 1832 2278 1937 2329">
    <p class='ocr_par' dir='ltr' id='par_1_19' title="bbox 1832 2278 1937 2329">
     <span class='ocr_line' id='line_1_100' title="bbox 1846 2278 1937 2304; baseline 0 -7"><span class='ocrx_word' id='word_1_574' title='bbox 1846 2278 1937 2304; x_wconf 75' lang='lat' dir='ltr'>integri-</span> 
     </span>
     <span class='ocr_line' id='line_1_101' title="bbox 1832 2311 1872 2329; baseline 0 0"><span class='ocrx_word' id='word_1_575' title='bbox 1832 2311 1872 2329; x_wconf 80' lang='lat' dir='ltr'>tas.</span> 
     </span>
    </p>
   </div>
  </div>
 </body>
</html>
