2003 3037
87 527 164 547 Pecca-

74 562 180 582 tumactu-

75 593 108 614 alc
119 593 178 620 quid,

74 622 95 640 et
105 622 180 646 quotu-

97 651 154 678 plex.

192 181 252 213 278

194 257 320 280 cessum
330 248 503 281 voluntatis
510 257 530 280 a
538 248 643 289 primo
651 249 817 290 principio,
826 250 861 281 in
868 259 968 290 quan-

193 304 264 334 tum
280 303 348 343 ipsa
366 301 516 334 voluntas
529 304 604 333 nata
624 304 671 334 est
692 303 748 343 agi
769 303 809 334 ab
829 304 915 344 ipso,
937 306 968 335 et

193 355 369 388 secundum
391 355 516 396 ipsum,
533 357 564 387 et
583 358 711 396 propter
733 357 855 397 ipsum;
871 367 967 389 omne

193 409 358 449 peccatum
377 410 425 440 est
438 409 630 441 inordinatio
645 410 760 441 mentis
774 411 843 442 sive
857 411 968 442 volun-

193 462 278 501 tatis,
295 462 379 494 circa
392 472 490 503 quam
503 465 578 494 nata
592 465 667 495 suut
680 473 747 495 esse
759 464 862 495 virtus
873 466 904 495 et
919 464 968 495 vi-

193 515 286 546 tium.
313 515 480 548 Peccatum
495 516 596 556 igitur
619 517 751 556 actuale,
777 519 824 548 est
837 517 967 548 actualis

194 568 386 600 inordinatio
415 569 600 602 voluntatis.
634 570 829 602 Inordinatio
858 573 966 602 autem

193 622 270 660 ista,
296 624 352 654 aut
375 625 422 654 est
442 625 545 662 tanta,
571 624 656 664 quod
677 624 820 655 ordinem
831 624 966 664 justitiae

193 676 395 714 exterminat,
409 678 439 708 et
453 677 513 708 hoc
523 677 617 709 modo
629 677 744 718 dicitur
755 678 887 709 mortale
897 687 967 718 pec-

193 731 312 769 catum,
330 730 406 770 quia
419 733 532 762 natum
544 733 592 762 est
607 732 730 762 auferre
745 732 856 770 vitam,
873 741 966 773 sepa-

192 783 292 814 rando
315 783 419 824 ipsam
446 794 465 816 a
484 784 562 823 Deo,
585 794 642 825 per
665 794 761 825 quem
784 785 967 817 vivificatur

192 836 300 867 anima
310 838 413 877 justa;
429 839 485 869 aut
499 840 546 869 est
556 840 622 869 tam
637 838 770 876 modica,
783 839 869 878 quod
883 839 966 870 ordi-

190 898 265 921 nem
278 890 369 921 illum
383 900 450 922 non
463 891 602 931 perimit,
614 892 668 922 sed
678 893 800 922 tantum
812 892 845 922 in
858 891 965 932 aliquo

190 943 371 983 perturbat,
386 946 417 975 et
430 946 506 976 tunc
520 945 636 976 dicitur
650 945 773 977 veniale
787 947 962 986 peccatum,

192 996 268 1036 quia
281 997 320 1028 de
334 997 401 1037 ipso
416 997 546 1038 adipisci
561 1007 731 1038 possumus
747 999 809 1030 cito
824 999 962 1038 veniam,

191 1059 250 1091 pro
269 1059 307 1081 eo
322 1051 408 1090 quod
430 1051 535 1090 gratia
550 1061 615 1083 non
631 1052 753 1083 tollitur
773 1062 829 1093 per
844 1053 961 1093 ipsum,

191 1112 250 1134 nec
263 1104 462 1135 inimicitiam
477 1105 620 1137 divinam
638 1106 773 1137 incurrit
786 1106 895 1138 homo.
911 1106 965 1138 Est

190 1158 298 1188 autem
313 1157 391 1188 ordo
402 1158 551 1197 Justitiae,
569 1161 605 1189 ut
619 1159 741 1190 bonum
756 1160 965 1191 incommuta-

190 1210 253 1242 bile
267 1211 454 1250 praeferatur
468 1212 700 1250 commutabili;
717 1216 753 1244 ut
767 1213 890 1244 bonum
905 1214 962 1245 ho-

189 1265 317 1295 nestum
345 1265 532 1309 praeferatur
558 1265 648 1304 utili,
679 1268 710 1299 et
735 1266 881 1298 voluntas
909 1267 964 1298 Dei

190 1318 379 1357 praeferatur
404 1317 559 1350 voluntati
584 1320 721 1358 nostrae3
745 1322 782 1351 ut
805 1320 964 1360 judicium

190 1371 322 1402 rationis
336 1372 431 1402 rectae
454 1372 565 1412 praesit
579 1373 776 1404 sensualitati
798 1373 962 1406 humanae.

191 1423 230 1456 Et
242 1424 395 1464 quoniam
408 1424 460 1456 lex
473 1424 527 1456 Dei
538 1425 636 1456 istum
646 1426 791 1457 ordinem
802 1428 962 1467 praecepit,

191 1478 222 1508 et
235 1478 321 1509 vetat
329 1478 526 1518 oppositum;
543 1479 672 1518 quando
687 1479 809 1510 bonum
824 1489 966 1511 commu-

191 1530 286 1561 tabile
316 1531 485 1571 praefertur
513 1533 651 1571 aeterno,
679 1535 710 1563 et
738 1533 859 1564 bonum
887 1534 966 1565 utile

191 1585 359 1624 praefertur
377 1586 522 1625 honesto,
540 1588 570 1617 et
593 1586 737 1618 voluntas
759 1589 867 1618 nostra
882 1597 966 1627 prae-

192 1637 292 1668 fertur
302 1638 419 1669 divinae
430 1639 597 1677 voluntati,
607 1643 638 1670 et
645 1640 801 1671 sensualis
809 1641 967 1681 appetitus

192 1693 359 1732 praefertur
383 1693 497 1723 rationi
522 1696 615 1724 rectae
625 1718 634 1731 ‚
656 1696 731 1725 tunc
756 1695 967 1726 committitur

193 1745 326 1776 mortale
334 1748 497 1786 peccatum
513 1757 519 1776 :
533 1747 570 1777 de
581 1756 644 1787 quo
652 1747 726 1778 dicit
738 1747 926 1779 Ambrosius
944 1752 965 1786 ¹,

194 1799 279 1839 quod
294 1801 340 1830 est
353 1800 571 1839 praevaricatio
587 1800 669 1838 legis
684 1800 816 1839 divinae,
832 1804 863 1832 et
879 1802 968 1833 crele-

194 1852 293 1883 stium
316 1852 528 1883 inobedientia
542 1855 787 1893 praeceptorum,
810 1854 860 1885 vel
876 1864 969 1886 man-

194 1906 353 1936 datorum.
366 1906 441 1937 Haec
451 1909 559 1937 autem
569 1908 789 1946 committitur,
803 1909 870 1940 sive
880 1909 970 1940 omit-

194 1960 280 1990 tatur
301 1960 386 1999 quod
400 1960 452 1990 lex
476 1960 584 1991 divina
598 1962 759 2001 praecepit,
785 1962 852 1993 sive
868 1964 922 1994 fiat
937 1963 968 1994 id

196 2012 280 2051 quod
294 2013 451 2052 prohibet.
465 2013 511 2044 Ex
522 2023 585 2053 quo
596 2014 714 2054 duplex
731 2024 835 2053 genus
852 2017 969 2055 peccati

196 2066 299 2096 oritur
309 2090 317 2104 ,
348 2066 496 2097 delictum
522 2067 638 2098 scilicet
649 2091 658 2105 ‚
685 2070 715 2098 et
748 2069 968 2100 commissum.

197 2118 329 2156 Quando
353 2128 430 2150 vero
444 2120 564 2150 bonum
580 2121 804 2152 commutabile
825 2122 898 2162 plus
914 2123 968 2153 de-

198 2172 264 2203 bito
276 2172 435 2211 diligitur,
451 2173 506 2204 sed
522 2182 587 2204 non
602 2175 770 2214 praefertur
794 2175 972 2208 iucommu-

198 2225 298 2263 tabili,
316 2228 346 2257 et
361 2226 481 2257 utilitas
496 2236 560 2257 non
574 2228 742 2267 praefertur
756 2228 929 2268 honestati,
941 2232 972 2261 et

202 2279 347 2310 voluntas
360 2282 468 2310 nostra
490 2281 561 2321 plus
581 2281 686 2312 debito
701 2284 837 2321 amatur,
860 2283 902 2313 ita
922 2286 970 2314 ta·

201 2340 277 2362 men
299 2333 384 2372 quod
408 2342 471 2364 non
494 2334 662 2373 praefertur
692 2335 824 2373 divi11ae3
848 2338 879 2366 et
900 2346 972 2368 caro

202 2386 404 2426 concupiscit,
421 2396 486 2418 non
501 2390 608 2419 tamen
618 2389 911 2429 praeserturjudicio
927 2400 973 2422 ra-

235 2467 240 2478 “
255 2465 382 2494 ΑωὺΓοε.,
397 2466 425 2489 (le
440 2467 541 2496 Parum,
558 2475 579 2491 c.
596 2473 652 2492 vm.
666 2482 695 2486 —
713 2469 723 2484 ²
737 2470 810 2500 Aug„
826 2470 855 2492 sle
872 2471 972 2501 Trium„

202 2499 246 2524 lib·
262 2500 316 2530 lili,
331 2507 353 2524 c.
369 2507 415 2524 ΧΗ.
431 2516 455 2518 -
474 2503 505 2532 (α)
522 2503 583 2527 Cael.
600 2503 658 2527 edit.
677 2504 729 2534 qni.

767 181 1023 221 BREVILOQUII
1045 183 1147 215 PARS
1168 183 1222 215 111.

1023 250 1117 282 tionis
1139 253 1254 283 rectae:
1273 253 1350 283 tunc
1363 261 1430 284 non
1452 254 1500 284 est
1513 253 1661 294 mortale,
1676 255 1732 286 sed
1744 264 1795 287 ve-

1022 304 1106 335 niale
1122 315 1129 335 :
1147 305 1223 345 quia
1236 305 1310 337 licet
1322 306 1384 337 hoc
1406 306 1446 337 sit
1459 308 1576 347 praeter
1589 306 1697 346 legem
1707 331 1716 346 ,
1729 317 1795 340 non

1022 358 1130 389 tamen
1153 358 1269 390 directe
1292 362 1339 391 est
1360 361 1470 391 contra
1494 360 1611 400 legem.
1635 359 1796 393 Sensualis
1820 369 1898 389 recca.

1021 413 1129 442 autem
1153 412 1312 452 appetitus
1334 413 1450 444 rationi
1471 415 1567 445 rectae
1581 422 1647 445 non
1667 415 1794 454 praefer·
1808 400 1853 448 {21¹2
1862 405 1917 450 ¹¹22>ss

1021 466 1085 502 tur,
1101 464 1162 495 nisi
1183 466 1310 505 quando
1331 467 1359 497 ei
1380 467 1461 498 ratio
1474 467 1656 499 consensit:
1673 469 1704 499 et
1724 468 1794 500 ideo
1808 459 1918 513 ξζῗῗξξζζ

1022 520 1187 558 peccatum
1197 520 1330 551 mortale
1344 520 1423 551 citra
1434 529 1624 552 consensum
1634 530 1699 553 non
1708 531 1794 553 com·
1819 528 1908 575 ⁰222?ss-

1022 571 1168 603 mittitur.
1198 571 1232 603 Si
1261 574 1370 605 tamen
1405 574 1591 605 sensualitas
1618 574 1796 606 inordinate
1884 568 1890 574 ’

1022 631 1204 665 moveatur,
1227 636 1301 658 cum
1324 627 1379 658 illa
1399 627 1592 659 inordinatio
1614 628 1655 659 ad
1675 628 1798 659 malum

1021 678 1162 718 inclinet,
1178 679 1252 711 licet
1260 681 1343 712 ratio
1355 690 1421 712 non
1432 681 1616 720 consentiat,
1631 683 1797 722 peccatum

1021 734 1068 764 est
1084 733 1222 774 aliquod,
1235 734 1312 774 quia
1324 735 1431 776 aliquo
1446 736 1540 766 modo
1552 735 1640 782 iaedit
1652 736 1796 767 ordinem

1017 787 1162 827 justitiae.
1176 787 1215 819 Et
1225 788 1301 828 quia
1311 788 1344 819 in
1358 790 1442 820 statu
1454 789 1645 821 innocentiae
1657 799 1721 821 non
1732 800 1797 822 mo-
1820 799 1908 835 noegeu

1021 844 1157 874 vehatur
1177 844 1381 882 sensualitas,
1397 845 1459 875 nisi
1474 846 1648 877 secundum
1664 847 1795 878 rationis
1809 831 1916 888 Ᾰέἒῇῗῖἓ

1020 899 1156 936 motum,
1170 898 1252 936 ideo,
1263 900 1366 929 stante
1380 898 1521 937 homine,
1537 908 1603 930 non
1616 901 1737 939 poterat
1751 900 1795 930 ibi
1810 895 1856 913 ‘³¹¹²
1870 900 1916 915 ²⁵⁵²

1821 923 1843 944 in
1853 927 1907 946 statu

1020 959 1086 981 esse
1100 951 1225 982 veniale
1239 954 1415 991 peccatum.
1427 951 1520 983 Nunc
1533 955 1651 991 autem,
1662 953 1738 993 quia
1748 962 1796 984 ra-
1810 953 1908 1006 {}¹‡}'⁰⁰”·

1020 1004 1100 1034 tioni
1108 1007 1268 1044 repugnat
1275 1006 1473 1044 sensualitas,
1482 1006 1631 1044 velimus,
1642 1006 1793 1045 nolimus,
1824 993 1915 1053 ςῑρἒζζο

1020 1058 1090 1089 ideo
1099 1067 1225 1089 necesse
1236 1059 1390 1090 habemus
1399 1060 1597 1091 committere
1606 1060 1734 1100 aliquod
1743 1069 1795 1092 ve·
1828 1051 1890 1070 '¹²⁸¹

1809 1083 1896 1106 possunt
1909 1097 1914 1105 ,

1019 1111 1102 1142 niale
1121 1114 1283 1152 peccatum
1304 1122 1361 1152 per
1384 1113 1504 1153 primos
1526 1116 1649 1152 motus,
1666 1114 1722 1154 qui
1736 1114 1793 1144 etsi
1808 1111 1912 1163 “ffinss‘fffl

1019 1165 1250 1204 particulariter
1262 1168 1293 1196 et
1304 1166 1489 1206 singillatim
1499 1167 1619 1207 possint
1629 1167 1790 1206 declinari,

1019 1228 1130 1250 omnes
1151 1222 1258 1251 tamen
1276 1221 1364 1252 nullo
1384 1221 1478 1252 modo
1502 1223 1634 1261 possunt
1651 1221 1756 1253 caveri
1783 1232 1789 1252 :

1019 1273 1094 1313 quia
1110 1274 1149 1313 (a)
1161 1273 1204 1304 sic
1219 1276 1294 1305 sunt
1302 1277 1437 1314 peccata,
1447 1274 1533 1314 quod
1542 1276 1617 1305 sunt
1627 1274 1720 1305 etiam
1729 1283 1791 1315 poe—

1019 1336 1071 1357 11ae
1085 1327 1218 1367 peccati;
1232 1329 1262 1358 et
1276 1328 1346 1359 ideo
1357 1328 1470 1359 merito
1483 1328 1632 1359 dicuntur
1645 1328 1790 1367 venialia,

1019 1380 1095 1420 quia
1108 1380 1168 1411 hoc
1182 1381 1248 1420 ipso
1263 1382 1291 1412 di
1297 1391 1361 1421 gna
1376 1384 1451 1412 suut
1465 1382 1568 1413 venia.
1584 1382 1702 1413 Verum
1718 1382 1793 1422 quia

1020 1434 1100 1464 ratio
1114 1433 1164 1464 his
1179 1435 1355 1466 consentire
1376 1444 1440 1466 non
1453 1435 1663 1475 compellitur,
1680 1435 1705 1466 si
1722 1437 1793 1476 post

1021 1496 1211 1518 consensum
1217 1487 1429 1519 delectationis
1436 1489 1651 1519 cousentIatur
1658 1489 1691 1519 in
1699 1497 1791 1529 opus,

1020 1541 1097 1570 tunc
1109 1542 1156 1570 est
1171 1540 1281 1580 plenus
1296 1550 1478 1579 consensus,
1493 1550 1529 1572 ac
1544 1551 1599 1581 per
1614 1542 1674 1572 hoc
1689 1550 1794 1581 pecca-

1021 1596 1092 1624 tum
1107 1596 1375 1633 consummatum,
1390 1595 1463 1634 quia
1478 1595 1623 1634 pervenit
1639 1603 1742 1634 usque
1756 1594 1795 1626 ad

1021 1647 1129 1677 virum
1140 1671 1148 1684 ,
1165 1647 1196 1677 id
1217 1650 1282 1685 est,
1299 1656 1405 1687 usque
1425 1648 1462 1678 ad
1478 1652 1600 1688 partem
1614 1657 1796 1688 supremam

1023 1700 1165 1738 rationis,
1183 1710 1223 1731 ex
1238 1710 1301 1740 qua
1314 1701 1428 1740 pendet
1442 1701 1605 1741 plenitudo
1615 1710 1795 1732 consensus.

1024 1753 1102 1790 Quia
1117 1763 1193 1785 vero
1208 1763 1272 1785 non
1289 1754 1392 1785 solum
1417 1755 1451 1785 iu
1465 1764 1557 1794 opus,
1574 1763 1688 1786 verum
1703 1755 1798 1785 etiam

1024 1807 1057 1837 in
1071 1807 1310 1838 delectationem
1325 1810 1371 1838 est
1391 1817 1573 1846 consensus,
1589 1808 1622 1838 in
1636 1817 1699 1848 quo
1716 1808 1795 1838 infe-

1024 1860 1089 1890 rior
1114 1861 1215 1900 portio
1238 1861 1382 1901 sequitur
1402 1861 1637 1892 sensualitatem
1655 1871 1662 1892 :
1685 1861 1755 1892 ideo
1771 1861 1798 1891 si

1025 1914 1057 1944 in
1066 1914 1269 1945 delectatione
1279 1915 1416 1946 sensuali
1430 1915 1510 1945 ratio
1523 1914 1718 1945 sensualitati
1730 1923 1799 1944 suc-

1025 1967 1165 2005 cumbat,
1182 1968 1297 1997 mulier
1311 1968 1445 2006 serpenti
1462 1967 1676 2007 obtemperat:
1693 1976 1728 1997 ac
1741 1976 1798 2007 per

1026 2021 1085 2051 hoc
1105 2022 1140 2051 fit
1161 2021 1325 2051 subversio
1346 2022 1419 2052 recti
1444 2021 1581 2058 ordinis,
1610 2023 1640 2050 et
1663 2020 1706 2050 ita
1721 2020 1796 2051 sub-

1026 2074 1129 2104 versio
1151 2074 1300 2113 Justitiae,
1328 2076 1456 2113 propter
1481 2073 1567 2113 quod
1591 2073 1798 2104 committitur

1026 2126 1158 2157 mortale
1192 2129 1356 2166 peccatum
1367 2151 1376 2165 ,
1411 2127 1482 2157 licet
1517 2126 1624 2157 miuus
1665 2135 1765 2166 grave
1789 2137 1796 2157 :

1027 2179 1112 2219 quod
1140 2188 1204 2210 neu
1232 2180 1336 2210 solum
1360 2180 1535 2219 imputatur
1565 2178 1709 2217 mulieri,
1742 2188 1796 2210 ve-

1027 2242 1101 2263 rum
1131 2233 1226 2264 etiam
1252 2233 1337 2270 viro,
1365 2242 1383 2263 a
1411 2241 1474 2272 quo
1500 2232 1616 2262 mulier
1641 2232 1797 2272 compesci

1028 2286 1137 2317 debuit
1150 2288 1180 2316 et
1190 2286 1340 2325 cohiberi,
1355 2295 1394 2317 ne
1405 2286 1635 2325 obtemperaret
1647 2285 1795 2324 serpenti.

1028 2339 1066 2370 Et
1088 2340 1132 2370 sic
1154 2342 1253 2379 patet,
1274 2340 1358 2379 quod
1385 2340 1417 2370 in
1440 2338 1670 2379 perpetratione
1694 2337 1798 2368 omnis

1029 2393 1146 2432 peccati
1165 2392 1312 2431 actualis,
1333 2393 1369 2423 fit
1384 2392 1529 2432 aiiqualis
1548 2390 1680 2421 imitatio
1702 2390 1796 2430 primi

1028 2446 1162 2486 peccati,
1187 2445 1362 2476 secundum
1383 2444 1641 2485 explanationem
1658 2443 1798 2475 Doctoris

1029 2499 1181 2539 praecipui
1195 2499 1370 2538 Augustini
1384 2499 1405 2529 ².
