2003 3037
735 219 851 252 PART.
875 219 928 251 ΙΙΙ.
952 217 1060 252 SECT.
1084 217 1231 252 xxxvii.

181 290 248 322 neit
261 289 444 328 habentem,
459 288 492 320 et
501 294 582 329 opus
590 287 661 327 ejus
674 286 796 318 bonum
810 286 950 318 reddit.»

182 341 370 384 comparata
383 341 423 374 ad
437 339 629 382 principium
649 339 855 379 directivum,
871 340 953 372 disss-

183 396 271 428 uitur
291 396 331 428 ab
352 395 463 428 eodem
483 393 601 426 ibidem
630 393 676 425 sic
698 405 705 424 :
736 405 752 424 α
775 393 884 426 Virtus
909 395 957 425 est

183 449 312 481 habitus
332 447 552 485 voluntarius,
577 447 610 478 in
633 449 740 478 mente
762 447 953 486 consistenti,

183 504 268 534 recta
291 502 412 533 ratione
435 499 683 538 determinatus,
711 503 805 540 prout
831 500 956 541 sapiens

183 554 416 588 determinavit.
437 564 452 582 ι)
478 553 660 585 Secundum
682 553 742 585 hoc
763 553 920 584 diffinitur
937 564 956 584 a

183 608 286 641 Tullio
300 609 309 626 ¹
331 619 338 640 :
359 618 374 638 ιι
393 606 501 639 Virtus
517 608 566 638 est
587 606 715 638 habitus
739 607 852 638 mentis
876 607 956 638 bene

183 661 376 702 compositae.
392 671 408 690 u
427 659 504 691 Item
527 660 566 691 ab
584 660 768 700 Augustino
785 663 806 698 ¹,
826 661 858 691 in
874 660 956 691 libro

183 714 222 747 de
239 715 422 751 Quantitale
440 714 559 746 animoe
578 724 585 744 :
614 724 629 743 α
650 713 756 745 Virtus
777 716 823 744 est
845 723 956 754 aequa-

183 767 254 800 litas
273 767 420 808 quaedam
437 767 512 799 vitae
527 767 640 798 rationi
664 767 806 808 undique
822 776 955 798 consen-

183 821 299 853 tientis.
317 831 332 850 n
359 820 496 861 Accepta
520 821 624 860 magis
647 821 774 861 proprie
786 845 795 859 ,
811 830 955 861 compre-

183 873 293 906 hendit
317 873 469 905 virtutem
503 874 689 913 gratuitam.
717 874 755 905 Et
782 874 957 906 secundum

183 928 245 960 hoc
259 930 442 968 comparata
461 928 501 959 ad
522 929 638 967 finem,
662 928 818 960 diffinitur
835 929 874 959 ab
889 929 956 960 Au-

185 981 315 1021 gustino
328 981 363 1012 in
376 981 586 1022 δὀἰίἰοςῖιιὶἱε8
601 993 607 1013 :
622 993 637 1011 a
654 981 819 1013 Virtuscst
832 983 958 1013 habitus

184 1034 308 1066 ratione
328 1036 415 1065 recta
433 1035 472 1066 ad
495 1044 593 1065 suum
609 1035 706 1065 finem
723 1035 922 1075 perveniens.
940 1046 954 1063 »

184 1087 370 1128 Comparata
383 1089 422 1119 ad
439 1097 535 1120 suum
549 1089 740 1129 subjectum,
759 1089 843 1129 quod
860 1090 959 1120 infor-

184 1143 261 1180 mat,
276 1141 430 1172 diffinitur
444 1142 484 1172 ab
497 1142 607 1173 eodem
621 1142 655 1172 in
667 1142 748 1173 libro
763 1142 801 1174 cle
816 1143 959 1175 civitate

185 1195 244 1228 Dei
255 1206 261 1226 :
279 1206 294 1224 a
307 1194 416 1227 Virtus
429 1197 476 1226 est
489 1195 572 1226 bona
583 1196 740 1226 voluntas.
757 1208 771 1224 »
786 1195 835 1227 Ad
851 1199 958 1227 actum

184 1249 370 1289 proprium,
396 1249 463 1280 sive
485 1249 777 1289 complementum,
804 1250 960 1281 diffinitur

185 1302 218 1332 in
233 1302 314 1333 libro
332 1301 371 1334 de
390 1302 533 1334 Moribus
556 1302 704 1334 Ecclesioe
721 1312 731 1333 .·
753 1314 767 1332 «
792 1303 899 1334 Virtus
913 1306 961 1334 est

185 1356 263 1387 ordo
279 1357 408 1395 amoriS,
423 1357 490 1387 sive
507 1366 597 1388 amor
608 1356 782 1388 ordinatus.
797 1368 810 1385 n
826 1357 958 1398 Compa-

185 1411 255 1441 rata
269 1409 308 1441 ad
322 1419 418 1441 suum
442 1410 634 1450 principium
657 1410 857 1449 effectivum,
877 1411 959 1442 disfi-

185 1462 273 1494 nitur
287 1463 326 1494 ab
340 1463 523 1503 Augustino
537 1464 581 1494 sic
597 1465 608 1483 ⁴
629 1475 636 1495 ε
665 1476 679 1494 ι(
693 1464 801 1496 Virtus
816 1467 862 1495 est
876 1465 960 1495 bona

185 1516 321 1557 qualitas
336 1517 461 1556 mentis,
474 1527 537 1557 qua
546 1520 629 1549 recte
639 1519 772 1557 vivitur,
788 1528 852 1559 qua
865 1527 959 1550 nemo

185 1570 269 1602 male
288 1570 410 1609 utitur,
436 1580 535 1611 quam
560 1571 643 1602 Deus
664 1571 755 1602 nobis
778 1572 846 1602 sine
869 1572 960 1603 uobis

186 1625 347 1664 operatur.
363 1633 378 1652 n

227 1676 307 1708 Sunt
322 1679 428 1708 autem
450 1679 571 1717 septem
590 1677 727 1708 virtutes
740 1702 747 1715 ,
764 1678 880 1718 quibus
895 1678 960 1709 vita

186 1731 312 1770 regitur
325 1731 516 1762 christiana:
536 1733 600 1762 tres
618 1731 820 1771 theologicae,
842 1732 960 1763 scilicet

186 1784 281 1823 fides,
297 1793 383 1825 spes,
403 1786 433 1815 et
448 1785 584 1815 charitas
597 1795 604 1823 ;
619 1787 757 1825 quatuor
772 1785 957 1824 cardinales,

187 1837 305 1868 scilicet
319 1837 504 1878 prudentia,
522 1839 661 1878 justitia,
685 1839 912 1879 temperantia,
929 1841 960 1870 et

186 1891 337 1921 fortitudo
356 1902 363 1921 :
380 1900 518 1930 quarum
534 1892 720 1923 sufficientia
735 1892 779 1922 sic
794 1893 956 1931 accipitur.

186 1943 309 1984 Duplex
333 1946 378 1975 est
397 1944 490 1975 facies
508 1945 640 1984 animae,
665 1945 780 1976 scilieet
795 1946 956 1986 superior,

186 2007 259 2038 quae
286 1999 332 2029 est
359 2000 502 2038 respectu
529 1999 622 2036 finis;
652 2001 683 2029 et
711 1999 855 2037 inferior,
886 2008 958 2039 quae

185 2054 232 2082 est
262 2054 407 2092 respectu
435 2061 547 2083 eorum
576 2061 649 2092 quae
678 2055 752 2083 sunt
780 2053 819 2083 ad
848 2053 956 2084 finem.

185 2102 336 2143 Superior
357 2104 453 2135 habet
477 2105 641 2135 rectificari
663 2114 718 2145 per
743 2106 956 2145 theologicas,

185 2158 216 2186 et
229 2158 384 2196 quantum
399 2157 438 2187 ad
457 2158 574 2197 triplex
589 2159 747 2197 ohJectum
763 2159 845 2198 quod
863 2161 909 2189 est
924 2159 958 2189 iu

185 2208 316 2248 divinis,
338 2212 369 2240 et
386 2212 543 2249 quantum
566 2211 605 2241 ad
625 2211 739 2251 triplex
758 2212 936 2251 sithectum
948 2236 956 2249 ,

185 2264 270 2304 quod
281 2266 328 2294 est
338 2264 370 2294 in
382 2264 484 2295 nobis.
503 2264 537 2294 ln
548 2265 663 2295 divinis
677 2268 723 2295 est
737 2274 863 2295 summa
878 2266 958 2296 veri-

184 2319 242 2358 tas,
259 2317 293 2348 in
308 2326 404 2357 quam
419 2327 477 2348 nos
492 2318 601 2357 dirigit
616 2319 693 2349 fides
710 2319 741 2349 in
756 2319 912 2350 credendo
928 2321 958 2350 et

183 2371 400 2410 assentiend03
417 2381 543 2403 summa
559 2373 717 2412 majestas,
734 2373 800 2403 sive
812 2372 954 2412 largitas,

183 2425 217 2456 in
232 2434 330 2465 quam
349 2426 446 2465 erigit
463 2435 534 2466 spes
556 2427 590 2457 in
609 2426 766 2457 laudando
790 2429 819 2456 et
843 2436 958 2467 expec-

183 2478 296 2516 tando3
318 2487 444 2509 summa
458 2479 600 2516 bonitas,
618 2488 692 2510 cum
707 2488 771 2519 qua
791 2479 860 2509 unit
880 2480 955 2511 cha-

185 2531 260 2562 ritas
278 2532 313 2562 in
326 2532 561 2573 complectendo
584 2535 615 2564 et
630 2533 804 2572 diligendo.
827 2533 957 2573 Triplex

219 2629 225 2644 ¹
243 2628 285 2652 Est
297 2628 361 2652 inter
374 2631 437 2661 Aug.
455 2632 551 2661 Opera,
565 2631 594 2655 cle
613 2631 673 2662 Spir·
686 2633 709 2655 et
724 2632 818 2661 Anim„
836 2639 857 2655 c.
881 2637 915 2656 1v.
928 2645 954 2649 —-

185 2664 195 2679 ²
207 2664 321 2694 Aug.,de
335 2665 444 2694 Quantit.
457 2668 552 2698 Anim.‚
567 2674 590 2691 c.
604 2673 690 2692 xv1.—
706 2668 715 2683 ³
730 2667 775 2697 ld„
791 2667 866 2691 Solzl.
879 2668 923 2691 lib.
938 2669 956 2698 l,

186 2705 208 2725 c.
220 2704 254 2728 v1,
267 2705 292 2724 n.
307 2700 393 2725 13.—⁴
402 2701 532 2733 Colligitur
543 2710 574 2726 ex
585 2704 659 2734 Aug„
672 2704 788 2734 Retract„
799 2703 842 2727 lib.
854 2704 873 2733 l,
885 2711 906 2728 c.
920 2709 956 2734 ix,

1725 223 1783 253 405

1009 285 1106 317 etiam
1119 286 1300 327 subjeetum
1315 288 1348 319 in
1361 287 1452 319 nobis
1468 288 1525 326 est,
1539 286 1657 318 scilicet
1671 289 1783 328 poten-

1009 338 1055 370 tia
1080 339 1259 379 rationalis,
1283 349 1357 381 quae
1380 341 1547 372 ordinatur
1573 340 1642 372 sive
1665 341 1783 372 rectifi-

1011 394 1102 423 catur
1113 401 1169 433 per
1182 393 1296 431 ssdem;
1315 393 1497 433 irascibilis,
1514 402 1588 434 quae
1607 403 1663 434 per
1675 403 1783 435 spem;

1011 446 1281 486 concupiscibilis,
1310 457 1383 488 quae
1407 457 1463 488 per
1484 448 1682 479 charitatem.
1704 447 1785 479 Infe-

1011 499 1077 530 rior
1095 508 1171 531 vero
1190 500 1284 531 facies
1299 501 1415 532 animae
1431 502 1525 533 habet
1546 502 1712 532 rectificari
1730 510 1786 542 per

1011 555 1149 593 quatuor
1176 554 1351 585 cardinales
1381 565 1388 585 ε
1421 564 1495 586 nam
1522 555 1688 595 prudentia
1718 564 1787 586 ree-

1012 607 1109 638 tisscat
1138 607 1346 645 rationalem;
1374 608 1543 646 fortitudo,
1571 608 1784 647 irascibilem

1012 662 1240 701 temperantia,
1261 662 1538 702 concupiscibilem
1551 673 1558 700 ;
1572 662 1698 702 justitia
1713 671 1784 693 rec-

1013 714 1110 745 tificat
1125 725 1236 747 omnes
1251 716 1347 755 vires,
1364 717 1431 747 sive
1447 717 1590 755 virtutes,
1613 716 1645 747 in
1665 725 1789 757 compa-

1012 768 1135 800 ratione
1157 769 1197 800 ad
1225 769 1372 800 alterum.
1402 769 1436 800 ln
1461 771 1713 810 comparatione,
1738 769 1787 800 in-

1013 830 1127 860 quam,
1158 822 1197 853 ad
1228 823 1413 862 proximum
1426 847 1434 861 ‚
1470 823 1645 854 rectificans
1679 832 1790 854 omnes

1013 874 1110 913 vires,
1133 875 1248 906 dicitur
1259 876 1384 915 justitia
1405 876 1595 914 cardinalis;
1614 877 1646 907 in
1665 885 1790 916 compa-

1013 928 1135 958 ratione
1152 938 1228 959 vero
1243 929 1281 959 ad
1298 929 1481 969 proximum
1492 954 1499 967 ,
1518 929 1555 960 ad
1572 930 1688 969 ipsum,
1705 932 1736 961 et
1750 931 1787 961 ad

1014 981 1130 1020 Deum,
1156 992 1222 1014 non
1245 984 1350 1014 solum
1374 983 1542 1014 cardinalis
1572 984 1706 1023 dicitnr,
1736 985 1791 1015 sed

1015 1036 1319 1076 generalisjiistitia,
1334 1038 1430 1068 totius
1441 1037 1557 1068 animae
1572 1038 1790 1073 rectitudinem

1015 1089 1297 1128 comprehendens.
1317 1089 1423 1121 Potest
1444 1092 1474 1121 et
1492 1090 1584 1121 aliter
1600 1091 1792 1122 sufficientia

1015 1142 1224 1173 cardinalium
1250 1143 1407 1182 assignari
1437 1152 1493 1183 per
1527 1144 1679 1184 sithecta.
1710 1144 1791 1176 Nam

1015 1195 1178 1226 rationalis
1201 1196 1366 1226 rectificari
1390 1197 1485 1226 habet
1510 1200 1655 1237 respectu
1674 1199 1740 1235 sui,
1761 1201 1793 1230 et

1015 1249 1060 1279 sic
1075 1249 1197 1288 indiget
1220 1250 1388 1289 prudentia
1396 1261 1403 1287 ;
1423 1253 1564 1291 respectu
1591 1252 1744 1291 proximi,
1762 1254 1793 1284 et

1015 1303 1059 1332 sic
1082 1302 1204 1342 indIget
1228 1303 1364 1342 Justitia.
1393 1303 1560 1335 Irascibilis
1582 1305 1676 1336 habet
1697 1306 1790 1336 recti-

1016 1356 1100 1387 ficari
1117 1359 1226 1387 eontra
1242 1357 1394 1395 adversa,
1418 1359 1449 1388 et
1463 1358 1507 1388 sic
1527 1358 1651 1397 indiget
1666 1358 1790 1389 sortitu-

1016 1410 1106 1447 dinc3
1121 1411 1374 1450 concupiscibilis
1394 1414 1503 1442 contra
1520 1421 1685 1452 prospera,
1701 1415 1731 1443 et
1746 1413 1792 1444 sie

1016 1463 1138 1502 indiget
1152 1464 1373 1504 temperantia.
1398 1464 1521 1495 Habent
1535 1467 1642 1495 autem
1658 1466 1793 1497 virtutes

1016 1525 1082 1547 esse
1104 1517 1284 1556 gratuitum
1309 1527 1327 1548 a
1349 1518 1470 1557 gratia,
1495 1521 1648 1558 tanquam
1672 1519 1711 1549 ab
1727 1519 1792 1550 ori-

1017 1571 1094 1610 gine
1109 1573 1139 1601 et
1157 1571 1279 1609 radice3
1304 1574 1332 1602 et
1349 1581 1415 1602 esse
1433 1573 1632 1603 meritorium
1652 1582 1671 1602 a
1686 1573 1790 1604 chari-

1014 1626 1093 1662 tate,
1112 1627 1264 1664 tanquam
1290 1634 1308 1655 a
1328 1627 1449 1656 motore
1460 1649 1469 1664 ,
1487 1626 1589 1656 forma
1610 1628 1641 1656 et
1664 1627 1736 1656 fine.
1754 1626 1792 1657 Et

1015 1677 1085 1708 ideo
1115 1687 1226 1708 omnes
1256 1679 1390 1709 virtutes
1419 1680 1522 1719 quoad
1554 1680 1682 1710 habitus
1717 1683 1791 1711 sunt

1015 1740 1187 1770 connexae3
1217 1732 1322 1772 quoad
1351 1732 1479 1764 habitus
1511 1734 1688 1765 meritorios
1717 1736 1792 1764 sunt

1014 1785 1164 1825 aequales.

1213 1883 1361 1917 SECTIO
1385 1883 1587 1918 XXXXVII.

1334 1971 1373 1997 De
1393 1971 1469 1997 Fide.

1054 2052 1205 2092 Sequitur
1228 2053 1335 2084 videre
1355 2054 1394 2085 de
1412 2054 1549 2093 singulis
1570 2056 1742 2086 virtutibus
1757 2057 1789 2087 in

1014 2106 1157 2146 speciali,
1180 2110 1210 2137 et
1233 2106 1335 2146 primo
1354 2107 1390 2138 de
1411 2107 1482 2138 fide.
1500 2108 1538 2138 Et
1554 2109 1667 2148 primo,
1685 2119 1789 2150 quan-

1013 2163 1083 2191 tum
1103 2161 1143 2190 ad
1169 2161 1237 2199 ejus
1255 2161 1438 2198 essentia1n3
1457 2162 1611 2200 secunde,
1631 2167 1789 2202 quantum

1013 2213 1052 2243 ad
1087 2213 1229 2252 Symboli
1261 2214 1497 2244 continentiam.
1535 2214 1570 2245 In
1606 2225 1638 2246 se
1676 2226 1789 2255 possu-

1015 2276 1085 2297 mus
1100 2266 1299 2296 considerare
1321 2266 1416 2297 fidem
1434 2270 1591 2306 quantum
1614 2269 1652 2298 ad
1669 2269 1786 2300 diffini-

1012 2320 1146 2357 tionem,
1170 2319 1471 2358 aequivocationem,
1490 2323 1576 2351 actus
1592 2321 1786 2353 diversifica-

1012 2373 1146 2410 tionem,
1164 2375 1194 2403 et
1210 2372 1340 2402 effectus
1354 2373 1620 2412 impetrationem.

1052 2426 1211 2457 Dittinitur
1225 2428 1331 2456 autem
1345 2426 1423 2456 fides
1438 2427 1663 2467 multipliciter.
1682 2428 1787 2465 Quan-

1012 2481 1082 2509 tum
1114 2478 1152 2509 ad
1187 2488 1290 2518 genus
1327 2478 1492 2518 proprium
1505 2502 1512 2516 ‚
1551 2480 1706 2511 diffinitur
1745 2482 1784 2512 ab

1012 2532 1193 2571 Augustino
1213 2535 1223 2550 ⁵
1245 2542 1251 2562 z
1276 2544 1290 2559 ι(
1309 2531 1399 2562 Fides
1423 2534 1470 2562 est
1492 2532 1613 2571 virtus,
1635 2543 1700 2573 qua
1717 2543 1784 2564 ere-

1013 2630 1079 2654 etde
1094 2629 1233 2659 Lib.l—11·l1.,
1254 2629 1296 2652 lib.
1326 2630 1360 2659 ll,
1384 2635 1406 2652 c.
1429 2636 1491 2654 xvul
1508 2633 1532 2653 et
1552 2636 1605 2653 xix.
1624 2632 1679 2655 Yivl.
1705 2634 1784 2661 ficut„

1012 2666 1054 2690 lib.
1078 2668 1108 2696 ll,
1131 2666 1187 2689 dist.
1210 2671 1296 2695 xxvii,
1318 2665 1392 2696 liujus
1413 2666 1472 2690 edit.
1493 2668 1553 2689 toni.
1576 2667 1617 2695 lll,
1638 2674 1662 2696 p.
1686 2669 1740 2690 251.
1756 2681 1786 2685 -

1014 2704 1022 2719 ⁵
1037 2704 1111 2733 Aug,
1127 2702 1216 2731 Quoest.
1233 2701 1340 2732 Evany„
1352 2701 1393 2724 lib.
1413 2702 1442 2731 ll,
1457 2708 1478 2725 c.
1495 2707 1585 2725 xxxix.
