2003 3037
83 473 147 495 Ratio
160 475 165 494 l
172 488 177 494 .

91 1495 120 1512 1³..
141 1494 174 1512 0³

106 2298 136 2315 iu
172 2298 191 2315 ¹i.

193 181 253 211 314-

193 247 344 288 competit
357 246 453 278 statui
472 246 549 278 vitae
569 247 748 287 praesentis.
772 246 820 278 Ad
847 245 971 286 perfec-

193 305 260 334 tam
273 304 382 334 autem
395 302 596 334 curationem
613 302 818 343 aegritudinis
833 310 971 333 concur-

193 358 269 388 runt
282 356 354 388 haee
366 357 444 394 tria,
459 356 577 388 scilieet
591 355 736 398 expulsio
751 355 970 396 aegritudinis,

193 410 386 442 introductio
406 410 566 449 sanitatis,
592 411 624 441 et
647 409 847 442 conservatio
869 409 970 440 intro-

193 464 298 497 ductae
319 464 441 496 salutis.
463 464 610 496 Primum
625 464 740 504 igitur,
755 463 910 504 quoniam
932 462 972 494 ad

194 519 365 559 perfectam
380 518 578 549 curationem
591 518 729 559 perfecta
742 519 773 549 et
782 515 973 549 universalis

194 573 369 613 requiritur
396 572 502 603 morbi
525 572 689 613 expulsi03
716 573 747 602 et
768 571 902 602 morbus
925 571 973 602 est

195 626 402 667 septiformis·,
416 625 535 666 triplex
546 625 715 666 culpabilis
725 649 733 662 ‚
746 623 865 655 scilicet
879 623 974 664 culpa

195 679 376 720 originalis,
393 679 554 718 mortalis,
572 682 604 711 et
619 678 752 711 venialis
759 687 768 718 ;
785 680 816 709 et
831 677 972 718 quadru-

195 735 268 775 plex
287 733 437 775 poenalis,
461 734 580 765 scilicet
601 732 802 774 ignorantia,
827 732 949 763 malitia
963 757 970 769 ‚

196 788 366 819 infirmitas
380 790 412 819 et
431 787 706 828 concupiscentia;
736 788 768 818 et
794 795 859 818 non
883 789 974 817 sanat

195 841 323 874 oculum
336 865 345 880 ‚
370 841 456 882 quod
471 843 561 872 sanat
587 840 770 872 calcaneum
780 865 787 879 ‚
805 839 885 871 sicut
899 839 974 871 dicit

196 895 411 936 Hieronymus
427 907 434 927 ε
451 895 527 926 hinc
541 896 608 933 est,
624 894 710 934 qnod
726 893 867 934 oportuit
881 892 972 924 adhi-

196 949 263 981 beri
283 953 393 981 contra
412 949 482 980 haec
509 948 729 989 septenarium
756 947 973 979 medicamen-

197 1005 305 1035 torum
319 1003 359 1035 ad
380 1003 467 1034 hunc
487 1002 703 1044 septiformem
728 1002 879 1033 morbum
906 1001 972 1042 ple-

197 1058 272 1089 nius
293 1057 533 1098 expellendum,
559 1056 676 1087 scilicet
698 1058 808 1087 contra
830 1055 974 1095 origina-

198 1112 260 1143 lem
275 1136 281 1150 ‚
299 1111 516 1152 baptismum;
532 1113 643 1142 contra
661 1109 846 1147 mortalem,
869 1109 971 1150 poeni-

198 1166 347 1203 tentiam;
369 1167 478 1196 contra
503 1164 681 1202 venialem,
707 1163 891 1195 unctionem
918 1172 974 1194 ex—

196 1222 332 1250 tremam
353 1230 359 1257 3
397 1221 508 1250 contra
536 1218 754 1258 ignorantiam
773 1242 780 1255 ‚
806 1216 972 1254 ordinem3

196 1275 306 1304 contra
322 1272 492 1310 malitiam,
517 1271 762 1309 eucharistiam
790 1272 899 1302 contra
924 1270 974 1300 in-

197 1327 382 1358 firmitatem
398 1350 404 1362 ,
425 1325 718 1363 confirmationem3
736 1327 767 1355 ot
781 1326 889 1355 contra
906 1333 976 1354 con-

197 1380 426 1420 cupiscentiam
438 1403 446 1417 ,
477 1379 719 1410 matrimonium
738 1403 745 1417 ,
785 1377 870 1418 quod
905 1387 974 1408 cam

200 1435 354 1473 temperat
367 1436 399 1464 et
414 1435 555 1464 excusat.

241 1487 384 1523 Rursus,
401 1487 476 1526 qnia
490 1486 627 1526 perfecta
643 1486 766 1517 curatio
787 1494 851 1516 non
875 1488 977 1526 potest

201 1550 268 1572 esse
293 1541 361 1571 sine
380 1540 581 1571 restitutione
603 1539 737 1578 integrae
758 1539 922 1577 sanitatis,
947 1542 978 1569 et

201 1594 319 1625 sanitas
334 1595 451 1625 animae
467 1594 593 1632 integra
611 1592 754 1624 consistit
771 1593 802 1623 in
818 1602 880 1623 usu
903 1602 973 1633 sep-

200 1650 264 1679 tcm
281 1648 449 1685 virtutum,
462 1647 560 1678 trium
577 1647 695 1677 scilicet
708 1645 974 1685 theologicarum,

201 1706 231 1734 et
246 1705 384 1743 quatuor
399 1701 631 1737 cardinalitium
655 1700 729 1730 lunc
752 1702 816 1737 cst,
835 1700 920 1739 quod
939 1699 977 1729 ad

202 1757 317 1787 harum
333 1765 429 1787 usum
445 1764 560 1785 sanum
582 1754 830 1791 restituendum,
856 1754 977 1784 institui

202 1810 342 1850 oportuit
353 1809 535 1849 septiforme
549 1810 796 1839 sas-ramentum.
812 1807 891 1838 Nam
905 1807 977 1847 liap-

202 1865 316 1894 tismus
331 1862 470 1893 sanando
483 1862 621 1902 disponit
635 1862 673 1892 ad
690 1861 796 1900 sidem,
811 1862 979 1892 mutirma-

203 1918 246 1949 tio
262 1917 300 1948 ad
314 1926 415 1957 spem,
434 1916 631 1947 Eucharistia
647 1916 684 1946 ad
701 1916 900 1954 charitatem,
916 1925 979 1955 pm-

204 1971 338 2002 nitentia
368 1970 405 2001 ad
431 1970 605 2009 justitiam,
634 1970 743 2000 unctio
770 1971 915 2000 extrema
940 1969 978 1999 ad

205 2025 493 2065 perseverantiam,
510 2032 582 2063 quse
607 2025 653 2054 est
678 2023 871 2054 fortitudinis
890 2032 979 2054 com-

205 2078 400 2118 plementum
415 2080 445 2108 vt
459 2086 602 2114 summa,
619 2076 695 2107 ordo
711 2076 749 2107 ad
765 2076 977 2116 prudentiam,

206 2132 448 2163 matrimonium
464 2132 500 2161 ad
522 2131 764 2170 temperantiam
786 2140 979 2162 conservan-

206 2186 297 2223 dam,
316 2195 412 2225 qnam
430 2185 568 2215 mixime
585 2184 786 2224 persequitur
813 2184 981 2214 infirmitas

208 2238 328 2275 carnis,
349 2237 401 2268 sed
417 2237 564 2267 honestas
580 2236 735 2266 remediat
749 2235 945 2275 nuptiarum.

246 2291 426 2328 Postremo,
443 2290 594 2330 quoniam
617 2290 754 2329 perfecta
773 2290 895 2320 curatio
914 2298 981 2319 esse

208 2353 270 2374 non
278 2347 378 2384 potest
386 2345 452 2374 sine
461 2344 698 2373 conservationi¹
706 2343 816 2373 salutis
826 2343 982 2373 introduc-

210 2401 261 2435 tas,
278 2400 309 2427 et
323 2398 408 2427 salus
421 2397 602 2427 introducta
614 2397 794 2427 conservari
810 2406 872 2426 nou
883 2399 983 2436 potest

209 2452 241 2482 in
255 2452 402 2482 conflictu
413 2451 608 2488 certaminis,
627 2451 685 2480 nisi
698 2451 727 2480 iu
739 2451 802 2480 arie
817 2450 979 2483 tharasiam

210 2515 283 2545 qnae
299 2508 343 2535 est
359 2506 365 2521 ¹
384 2505 536 2536 terribilis
553 2508 586 2535 uc
599 2507 777 2536 castrorum
792 2505 877 2535 avim
891 2504 983 2535 ordi-

211 2563 304 2597 mlta,
321 2562 351 2589 et
367 2559 425 2589 hoc
441 2559 567 2598 quidem
586 2559 619 2588 fit
637 2568 692 2598 per
707 2558 897 2598 septiformis
911 2567 985 2597 gra-

212 2613 262 2643 tiae
279 2615 494 2649 armaturam3
517 2613 589 2642 hinc
606 2614 670 2649 est,
688 2612 772 2652 quod
796 2620 923 2642 neccsse
938 2615 983 2642 ost

246 2677 250 2691 ¹
267 2676 350 2704 (Vnst,
367 2674 606 2704 x=·1‚3{.--²1·,]ul1³e5
623 2681 645 2704 x<⁴
665 2676 702 2697 ὴὲ.

767 176 1022 216 BREVlLOQUlI
1045 176 1149 210 PARS
1168 178 1221 210 Vl.

1028 247 1149 286 septem
1163 255 1234 278 esse
1247 249 1457 279 sacramenta.
1480 247 1562 280 Nam
1581 249 1621 280 ut
1638 246 1710 281 haec
1723 247 1806 280 acies

1029 299 1069 330 sit
1089 299 1225 340 perfecte
1247 302 1279 332 et
1305 300 1457 333 continue
1480 300 1704 341 communita,
1728 309 1804 333 eum

1029 354 1153 385 constet
1169 362 1210 386 ex
1229 354 1374 395 partibus
1389 353 1668 396 corruptibilibus,
1682 354 1808 394 indiget

1029 408 1234 440 sacramentis
1261 408 1481 440 munientibus
1499 433 1506 448 ,
1536 407 1754 440 relevantibus
1775 409 1808 440 et

1029 462 1277 501 renovantibus3
1301 463 1524 495 munientibus
1537 463 1721 504 pugnantes
1731 486 1741 502 ‚
1755 471 1808 494 re-

1029 514 1210 547 levantibus
1233 516 1397 555 cadentes,
1423 518 1455 548 et
1487 516 1717 548 renovantibus
1736 524 1808 548 mo-

1030 568 1159 600 rientes.
1176 568 1423 602 Sacramentum
1436 571 1544 602 autem
1558 569 1726 608 muniens,
1752 570 1810 601 aut

1030 622 1136 654 munit
1145 622 1376 663 ingredientes,
1392 626 1423 655 ct
1433 624 1478 655 sic
1488 625 1536 655 est
1545 623 1739 664 baptismus3
1754 623 1810 654 aut

1030 677 1158 715 stantes,
1175 676 1262 708 etsie
1275 681 1322 708 est
1333 676 1552 716 confirmati03
1569 678 1626 708 aut
1639 677 1806 715 exeuntes,

1030 731 1061 760 et
1076 729 1120 760 sic
1134 731 1183 761 est
1197 731 1342 761 extrema
1354 730 1474 762 unctio.
1491 729 1735 766 Sacramentum
1749 738 1809 761 au-

1030 785 1094 814 tem
1110 783 1273 822 relevans,
1292 785 1348 815 aut
1363 783 1485 816 relevat
1498 793 1518 815 a
1531 793 1608 815 casu
1621 783 1758 822 veniali,
1777 786 1809 814 et

1030 836 1074 867 sic
1089 839 1136 868 ost
1150 837 1359 875 eucharistia3
1376 839 1432 868 aut
1447 838 1471 876 [a
1485 836 1634 876 mortali,
1651 836 1742 868 etsie
1762 838 1810 868 est

1030 890 1228 931 poenitentia.
1244 890 1488 922 Sacramentum
1503 892 1613 922 autem
1627 898 1787 922 renovans
1798 914 1807 929 ‚

1031 946 1086 975 aut
1100 946 1234 975 renovat
1250 944 1282 975 in
1300 952 1370 975 esse
1385 943 1563 984 spirituali,
1581 945 1612 975 et
1630 943 1676 974 sic
1694 945 1742 974 est
1755 951 1808 974 01·-

1031 998 1090 1036 do,
1104 998 1196 1038 cujus
1211 1000 1257 1029 est
1271 998 1494 1029 administrare
1517 999 1716 1029 sacramenta
1727 1021 1736 1036 ,
1753 998 1810 1028 aut

1031 1052 1063 1082 in
1082 1061 1151 1082 esse
1171 1051 1327 1090 naturali,
1348 1053 1380 1082 et
1398 1051 1443 1082 sic
1465 1053 1512 1082 est
1536 1051 1778 1083 matrimonium
1799 1062 1806 1082 :

1031 1105 1117 1146 quod
1132 1105 1206 1146 quia
1221 1107 1355 1137 renovat
1370 1104 1609 1136 multitudinem
1626 1105 1658 1135 in
1673 1113 1742 1135 esse
1755 1113 1808 1135 na-

1031 1162 1131 1197 turae,
1142 1159 1227 1199 quod
1242 1161 1289 1190 est
1304 1159 1451 1190 omnium
1466 1158 1723 1196 tundamentum,
1737 1157 1808 1189 ideo

1032 1214 1136 1254 primo
1153 1213 1213 1243 fuit
1226 1215 1300 1244 ante
1321 1213 1432 1243 onmia
1453 1212 1651 1250 institutum,
1669 1211 1737 1243 sive
1758 1211 1807 1242 in-

1839 1058 1916 1079 Ma‘ri-

1823 1095 1922 1110 monium

1823 1126 1833 1140 t
1852 1127 1862 1140 ι·
1881 1126 1930 1141 rma-³

1839 1152 1914 1172 omnia

1841 1183 1884 1203 alia
1894 1190 1926 1203 i-a—

1823 1221 1922 1235 ‹ramen-

1776 1264 1782 1270 ,
1825 1247 1847 1266 la
1866 1246 1909 1266 lua!
1920 1257 1928 1261 -

1033 1267 1212 1298 troductum
1226 1291 1234 1305 ‚
1251 1266 1323 1297 licet
1340 1268 1470 1306 propter
1484 1265 1635 1297 morbum
1651 1273 1810 1306 concupis-

1033 1321 1145 1351 conttae
1169 1329 1345 1351 annexum.
1363 1320 1402 1351 Et
1416 1319 1493 1360 quia
1507 1319 1640 1351 minime
1655 1321 1702 1350 est
1717 1328 1808 1350 sanc-

1034 1374 1222 1404 tificativnm
1235 1398 1244 1411 ,
1263 1374 1412 1414 quamvis
1428 1373 1663 1412 significatione
1679 1373 1742 1404 sit²
1757 1381 1809 1405 sa-

1032 1430 1232 1457 crameulmn
1259 1434 1410 1465 maantam
1429 1449 1436 1462 ,
1471 1425 1553 1456 inter
1581 1424 1812 1455 medicamenta

1034 1480 1208 1520 spiritualia
1222 1479 1334 1510 ultimo
1348 1479 1531 1517 collocatur,
1549 1480 1580 1509 ct
1595 1478 1700 1508 locum
1716 1478 1811 1508 sorti-

1035 1537 1088 1565 tur
1113 1536 1306 1564 cxtremum.
1337 1532 1442 1570 Unde,
1464 1533 1540 1572 quia
1563 1532 1741 1572 baptismus
1764 1534 1812 1563 cst

1035 1587 1285 1625 ingredientium
1301 1610 1308 1624 ‚
1339 1586 1539 1617 confirmatio
1571 1585 1786 1626 pugnantium
1797 1609 1806 1624 ,

1034 1641 1225 1671 eucharistia
1249 1640 1334 1670 vires
1356 1639 1589 1670 resumentium
1603 1663 1610 1676 ,
1626 1638 1811 1679 poenitentia

1035 1695 1273 1733 resurgentium
1288 1718 1295 1731 ,
1314 1696 1459 1725 extrema
1475 1693 1583 1724 unctio
1598 1692 1786 1723 exeuntium
1800 1715 1809 1729 ,

1035 1749 1112 1779 ordo
1127 1758 1227 1778 novos
1244 1748 1360 1778 milites
1379 1747 1651 1778 introducentinm
1663 1769 1672 1784 ,
1698 1746 1810 1776 matri-

1036 1805 1181 1835 monium
1199 1813 1299 1835 novos
1314 1803 1431 1833 milites
1446 1802 1709 1843 praeparantium,
1727 1803 1813 1842 patet

1035 1867 1074 1889 ex
1091 1858 1141 1888 his
1161 1857 1350 1888 sufficientia
1365 1859 1395 1887 et
1410 1856 1487 1887 ordo
1504 1855 1810 1887 medicamentorum

1035 1910 1329 1948 sacramentalium,
1347 1913 1377 1940 et
1391 1918 1567 1940 armorum.

1296 2019 1455 2054 CAPUT
1489 2018 1550 2051 IV.

1180 2104 1216 2130 De
1236 2103 1465 2130 Sacrameulorum
1486 2100 1664 2126 institutione.

1079 2181 1119 2212 Dc
1133 2180 1329 2212 institutione
1343 2180 1450 2210 autem
1465 2179 1739 2208 sacramentorum
1753 2176 1813 2207 hoc

1037 2234 1210 2265 tenendum
1225 2236 1288 2271 est,
1306 2232 1391 2273 quod
1406 2233 1526 2270 septem
1548 2232 1746 2261 sacramenta
1768 2229 1813 2259 le-

1039 2289 1089 2328 gis
1105 2289 1217 2329 gratiae
1234 2288 1378 2319 Christus
1394 2285 1546 2323 instituit,
1565 2287 1715 2325 tanquam
1733 2283 1812 2315 Novi

1038 2342 1231 2374 Testamenti
1248 2341 1415 2378 mediator,
1432 2341 1463 2370 et
1476 2339 1656 2379 praecipuus
1670 2338 1750 2369 lator
1766 2337 1810 2368 lc-

1040 2397 1109 2435 gis,
1131 2397 1163 2426 in
1186 2405 1246 2436 qua
1273 2395 1399 2426 vocavit
1424 2394 1463 2424 aul
1492 2393 1646 2433 promissa
1672 2395 1790 2423 aeterna
1805 2416 1812 2429 ‚

1039 2451 1123 2481 ‹lt-dit
1138 2451 1295 2490 praecepta
1310 2447 1482 2486 dirigentia
1494 2470 1502 2483 ,
1519 2448 1549 2476 et
1564 2445 1700 2475 institnit
1713 2454 1815 2476 sacra-

1040 2506 1145 2534 menta
1177 2501 1416 2534 sanctificantia.
1442 2499 1579 2530 instituit
1603 2507 1680 2529 vero
1711 2507 1749 2529 ea
1780 2499 1813 2529 in

1040 2558 1146 2588 verbis
1161 2559 1191 2588 et
1213 2555 1394 2591 elementis,
1419 2552 1458 2584 ad
1473 2551 1665 2584 evidentiam
1688 2551 1813 2591 siguifi-

1041 2611 1189 2649 cationis,
1222 2613 1251 2641 et
1273 2608 1442 2640 csticaciam
1467 2605 1741 2643 sanctificationis,
1772 2606 1814 2636 ita

1041 2664 1123 2703 quod
1147 2673 1272 2704 semper
1299 2662 1395 2693 habet
1419 2659 1667 2697 significantiam
1694 2659 1811 2690 verita-

1834 1279 1913 1298 tutum.
