2003 3037
282 203 340 233 336
834 206 836 226 ῑ
850 196 1104 237 BREVILOQUII
1124 198 1228 232 PARS
1252 198 1320 233 Vll.

280 270 389 300 tamen
413 275 542 298 necesse
564 268 631 305 est,
655 266 742 306 quod
765 275 840 298 cum
861 267 916 298 illa
939 267 1060 299 virtute
1113 275 1194 299 num
1217 267 1252 299 in
1275 267 1418 308 generali
1440 264 1676 300 resurrectione
1688 266 1890 310 &sm-gent,
1926 273 1994 311 tion}-

279 319 421 352 naturali
441 320 482 351 sit
500 319 605 351 virtus
622 327 759 360 operans
778 328 876 360 supra
896 322 1058 359 naturam,
1912 306 2003 333 “nm‘'

201 551 266 571 Com-

158 581 216 608 pleto
226 587 266 602 nu-

178 618 240 634 mero

169 643 251 664 electo-

158 680 208 695 rum
220 680 265 695 om-

158 705 195 726 nia
219 707 264 727 ter·

167 736 252 758 minan-

179 2633 271 2654 vniver-

166 2665 218 2686 sutis
228 2670 263 2685 re·

176 2704 208 2717 zui
215 2702 261 2716 ΓΒΕ·

1113 321 1204 353 uulla
1220 321 1255 353 in
1276 322 1322 353 eis
1335 321 1492 353 existente
1511 321 1664 353 distantia
1677 320 1838 362 quantum
1850 323 1892 356 ml
1906 337 2002 360 sinuo.

279 374 374 414 eujus
394 373 531 414 imperio
553 373 610 404 fiet
626 373 886 414 conflagrationis
908 373 1057 412 initium,
1113 373 1346 406 ordinationem
1362 374 1530 415 temporis,
1546 374 1602 406 sed
1616 375 1723 415 magis
1735 372 1893 416 qnantum

1113 428 1154 460 ad
1167 428 1404 461 ordinationem
1414 428 1592 468 dignitatis.
1602 427 1684 461 Nam
1699 429 1776 460 mali
1789 436 1894 463 reatub

1113 483 1193 522 gent
1207 491 1282 514 cum
1305 482 1371 514 suis
1385 481 1658 520 deformitatibus,
1679 483 1711 514 et
1725 482 1893 523 poenalitas

1112 535 1208 574 tibus,
1224 535 1374 574 miseriis,
1387 538 1418 568 et
1429 535 1613 574 defectibus,
1625 544 1706 576 quos
1713 535 1894 569 habuerant

1114 588 1149 619 in
1163 590 1249 620 statu
1261 589 1337 621 viai.
1363 589 1399 620 ln
1417 589 1512 621 bonis
1532 591 1641 621 autem
1653 592 1770 621 natura
1782 598 1891 622 serva-

1113 641 1213 680 bitur,
1228 644 1261 673 et
1273 642 1352 674 vitia
1365 642 1574 674 detrahentur
1583 666 1591 682 ‚
1611 645 1643 675 et
1657 651 1769 674 omnes
1783 651 1892 676 resur-

1113 697 1191 735 gent
1216 695 1346 735 integro
1370 705 1520 738 corpore,
1546 698 1578 728 et
1606 696 1700 737 plena
1722 698 1834 736 aetate,
1861 699 1894 728 et

1112 748 1218 780 debita
1239 757 1391 780 mensura
1409 750 1641 789 membrorum,
1661 753 1698 781 ut
1713 750 1759 781 sic
1780 759 1893 782 omnes

1113 802 1213 834 sancti
1234 803 1242 820 ¹
1267 805 1438 836 occurrant
1457 803 1492 834 in
1511 804 1621 836 virum
1643 804 1819 844 perfectum
1831 827 1840 843 ,
1855 804 1893 836 in

1113 863 1296 888 mensuram
1308 857 1418 889 aetatis
1430 856 1652 896 plenitudinis
1668 856 1800 890 Christi.
1817 856 1894 889 Sur-

1115 912 1194 950 gent
1218 913 1327 941 autem
1351 912 1418 941 tam
1443 910 1477 941 in
1505 910 1598 941 bonis
1622 919 1722 950 quam
1743 911 1779 941 in
1801 910 1894 942 malis

1113 973 1248 1004 corpora
1268 963 1380 995 eadem
1400 972 1557 1002 numero,
1577 972 1652 1004 quae
1672 964 1780 1004 prius,
1803 966 1836 996 et
1853 973 1894 996 ex

1113 1016 1232 1047 eisdem
1247 1017 1388 1057 partibus
1403 1019 1585 1055 constituta,
1599 1017 1688 1049 salva
1699 1017 1797 1049 totius
1813 1018 1895 1049 veri-

1113 1072 1176 1101 tate
1191 1073 1330 1109 naturae,
1347 1080 1413 1102 non
1427 1070 1532 1101 solum
1550 1074 1709 1111 quantum
1724 1071 1764 1102 ad
1788 1080 1891 1102 mem-

1113 1124 1170 1155 bra
1191 1124 1393 1164 principalia,
1413 1127 1445 1156 et
1462 1125 1687 1157 humiditatem
1707 1125 1890 1163 radicalem.

1113 1186 1229 1208 verum
1242 1177 1339 1208 etiam
1353 1177 1450 1209 salvis
1463 1178 1585 1218 capillis
1599 1180 1631 1210 et
1644 1179 1769 1210 caeteris
1784 1187 1889 1210 mem-

1113 1230 1189 1268 bris,
1209 1240 1282 1271 quae
1296 1231 1418 1262 faciunt
1435 1230 1473 1262 ad
1488 1231 1664 1263 decentiam
1679 1232 1833 1273 corporis,
1849 1231 1894 1263 ita

1113 1284 1199 1323 quod
1213 1285 1244 1315 in
1257 1293 1477 1324 quascumque
1491 1293 1586 1316 auras
1598 1284 1649 1316 vel
1664 1285 1755 1316 sinus
1768 1287 1893 1316 naturae

1114 1337 1220 1377 pulvis
1235 1337 1371 1368 humani
1389 1338 1531 1378 corporis
1549 1338 1655 1376 cedat,
1673 1339 1712 1370 ad
1735 1348 1807 1370 eam
1828 1339 1894 1370 ani-

1115 1400 1199 1421 mam
1216 1391 1349 1430 redibit,
1367 1401 1439 1431 quae
1456 1393 1559 1432 ipsum
1577 1392 1740 1432 primitus,
1759 1395 1794 1424 ut
1806 1393 1894 1424 vive-

1115 1446 1163 1475 ret
1175 1446 1203 1475 et
1221 1448 1384 1483 cresceret,
1401 1445 1568 1477 animavit.

1160 1498 1249 1529 Ratio
1281 1502 1388 1530 autem
1415 1499 1454 1530 ad
1487 1499 1729 1539 intelligentiam
1759 1499 1894 1539 praedic-

1115 1554 1221 1582 torum
1232 1576 1241 1590 ,
1261 1552 1329 1583 liaec
1348 1555 1397 1583 est
1414 1563 1421 1584 z
1437 1553 1512 1593 quia
1527 1553 1669 1593 primum
1685 1553 1891 1594 principium,

1114 1614 1152 1635 eo
1168 1605 1236 1645 ipso
1254 1605 1338 1645 quod
1356 1606 1500 1645 primum
1519 1608 1551 1637 et
1566 1615 1749 1645 summum,
1763 1608 1810 1637 est
1823 1605 1893 1637 uni-

1115 1658 1384 1698 versalissimum,
1402 1662 1433 1690 et
1449 1659 1769 1698 sufficientissimum,
1786 1669 1822 1691 ac
1836 1668 1894 1700 per

1115 1712 1173 1743 hoc
1190 1713 1381 1752 principium
1405 1715 1451 1743 est
1471 1715 1679 1752 naturarum,
1697 1713 1892 1753 gratiarum,

1114 1768 1146 1796 et
1169 1767 1393 1806 praemiorum3
1413 1767 1605 1806 principium
1625 1767 1721 1798 etiam
1740 1766 1892 1807 potentis-

1115 1819 1234 1850 simum
1247 1844 1255 1857 ,
1272 1820 1558 1851 clementissimum
1570 1844 1579 1858 ‚
1604 1823 1634 1851 et
1654 1820 1890 1860 justissimum:

1115 1876 1146 1904 et
1171 1874 1242 1904 licet
1266 1874 1444 1905 secundum
1463 1873 1635 1913 quamdam
1659 1873 1892 1914 appropriatio-

1116 1935 1189 1957 nem
1200 1927 1239 1957 sit
1255 1927 1509 1966 potentissimum
1523 1927 1554 1957 in
1566 1926 1789 1957 constitutione
1804 1928 1895 1956 natu-

1116 1990 1224 2011 rarum
1239 2004 1248 2018 ,
1280 1985 1309 2011 et
1340 1981 1624 2011 clenwntissimnm
1660 1981 1692 2011 in
1727 1981 1893 2011 collatione

1117 2035 1309 2071 gratiarnm,
1337 2037 1367 2064 et
1385 2034 1603 2073 justissimum
1630 2034 1663 2064 in
1684 2033 1892 2064 retributione

1115 2087 1345 2126 stipendiorum
1358 2098 1365 2125 ;
1378 2090 1483 2118 tamen
1497 2087 1662 2125 sigillatim
1672 2087 1801 2127 singula
1815 2088 1890 2118 sunt

1116 2141 1147 2170 in
1163 2132 1312 2180 singulis,
1328 2141 1403 2181 quia
1416 2150 1543 2172 summa
1558 2141 1709 2181 potentia,
1726 2140 1894 2171 clementia

1115 2198 1147 2224 et
1166 2195 1291 2233 justitia
1318 2195 1502 2226 nullatenus
1526 2197 1657 2235 possunt
1682 2195 1723 2225 ab
1753 2194 1892 2225 invicem

1116 2249 1255 2287 separari
1276 2257 1282 2278 :
1300 2251 1330 2279 et
1345 2249 1414 2279 ideo
1434 2249 1466 2278 in
1482 2258 1576 2288 opere
1598 2248 1816 2279 retributionis
1834 2256 1891 2278 ne—

1117 2309 1201 2332 cesse
1225 2304 1286 2338 est,
1313 2302 1398 2341 quod
1427 2302 1494 2341 ipsa
1522 2302 1577 2332 ssat
1604 2301 1780 2332 secundum
1807 2300 1892 2340 quod

1117 2355 1219 2394 exigit
1235 2355 1389 2386 rectitudo
1400 2356 1534 2395 Justitiae
1545 2380 1552 2393 ,
1569 2358 1599 2386 et
1615 2354 1797 2386 reformatio
1815 2363 1892 2393 gra—

1116 2408 1180 2446 tiae,
1210 2411 1241 2439 et
1266 2409 1435 2448 completio
1461 2411 1597 2439 naturae.
1629 2408 1786 2445 Quoniam
1814 2416 1892 2447 ergo

1113 2462 1239 2501 justitia
1268 2462 1444 2493 necessario
1473 2462 1620 2502 requirit,
1648 2464 1683 2492 ut
1713 2461 1810 2492 homo
1836 2461 1891 2501 qui

1117 2516 1247 2554 meruit,
1265 2516 1315 2546 vel
1330 2516 1508 2552 demeruit,
1526 2524 1590 2545 non
1605 2515 1637 2545 in
1652 2515 1759 2545 anima
1774 2515 1890 2553 solum,

1117 2578 1174 2600 nec
1189 2569 1220 2599 in
1238 2578 1369 2608 corpore
1383 2568 1496 2605 solum,
1513 2568 1566 2598 sed
1582 2568 1615 2598 in
1631 2569 1737 2599 anima
1749 2568 1846 2599 simul
1860 2569 1891 2599 et

280 429 312 458 et
325 428 418 467 quus
432 427 530 458 etiam
545 426 665 459 virtute
679 427 735 458 fiet
747 427 957 459 nihilominus
970 436 1057 460 com-

279 480 490 521 plementum.

321 533 507 573 Postremo,
535 533 690 574 quoniam
717 534 860 566 mundus
886 533 942 565 ille
968 534 1060 566 debet

279 587 514 625 consummari,
529 587 661 619 homine
679 589 920 625 consummato;
935 589 968 618 et
983 590 1060 619 tunc

279 643 326 672 est
345 641 444 672 homo
468 642 726 679 consummatus,
748 641 877 681 quando
901 640 935 671 in
955 640 1059 680 gloria

279 694 456 736 completus
466 695 527 726 erit
539 703 695 726 numerus
708 694 895 733 electorum,
906 693 947 725 ad
958 703 1058 735 quem

279 747 408 789 quidem
437 750 558 780 statum
585 748 695 780 omnia
728 747 883 786 tendunt,
911 748 993 779 sicut
1019 749 1059 780 ad

278 802 377 834 finem
398 801 551 834 ultimum
571 803 604 833 et
619 801 812 842 completum
830 812 837 832 :
856 809 983 832 necesse
999 804 1056 839 est,

278 855 359 887 faeta
379 855 590 896 completione
611 855 698 886 illius
719 854 866 893 numeri,
891 855 1058 886 terminari

257 939 262 947 ,
279 912 310 940 vt
325 909 463 950 quietari
481 912 589 941 motus
608 911 734 940 naturae
755 908 910 947 coelestis;
930 917 1058 940 necesse

279 967 327 995 est
338 963 435 994 etiam
447 963 611 994 terminari
624 962 907 994 transmutationes
922 962 1059 993 elemen-

279 1019 379 1055 tares3
396 1026 524 1048 necesse
538 1019 585 1048 est
595 1016 691 1048 etiam
710 1025 766 1057 per
779 1024 978 1056 consequens
991 1019 1058 1047 ter-

280 1070 395 1101 minari
411 1064 665 1110 generationem,
679 1079 753 1111 quae
763 1070 853 1101 estin
865 1069 1059 1101 animalibus

279 1127 311 1156 et
334 1125 367 1155 in
390 1125 517 1165 plantis
541 1125 619 1156 Cum
643 1125 730 1156 enim
754 1124 863 1155 omnia
884 1125 943 1154 ista
970 1124 1058 1155 ordi-

279 1181 397 1210 nentur
413 1179 451 1210 ad
467 1179 604 1210 formam
627 1178 858 1209 nobilissimam
872 1201 880 1215 ,
901 1186 975 1218 quae
989 1178 1060 1218 qui·
1078 1197 1082 1200 -

279 1232 352 1263 dem
375 1234 423 1263 est
447 1232 555 1263 anima
578 1231 760 1269 rationalis,
785 1231 888 1272 posito
913 1233 999 1262 statu
1023 1232 1056 1262 in

280 1285 448 1316 animabus
467 1286 520 1325 (a),
536 1294 664 1317 necesse
678 1286 771 1316 estet
785 1286 916 1322 statum,
929 1286 961 1315 ct
974 1293 1059 1315 com—

280 1338 477 1379 plementum
500 1339 574 1378 poni
598 1339 631 1369 in
655 1338 778 1369 crateris
793 1338 1056 1378 praecedentibus,

279 1391 316 1423 Et
342 1393 412 1424 ideo
434 1401 567 1433 corpora
589 1392 742 1429 ecolesma,
769 1391 878 1422 habita
898 1391 1006 1431 quiete
1030 1392 1060 1421 et

279 1445 412 1476 luminis
426 1445 638 1487 plenitudine,
664 1445 815 1475 dicuntur
835 1445 1034 1475 remunerari
1050 1456 1057 1482 ;

279 1499 437 1531 elementa
462 1509 556 1537 vero,
585 1508 657 1539 quae
685 1498 823 1538 amplius
850 1507 916 1529 non
942 1498 1061 1529 liabent

281 1553 347 1583 vim
388 1552 617 1593 multiplicandi
663 1561 720 1592 per
761 1552 1060 1582 transmutationem

281 1608 447 1644 mutuam,
471 1606 620 1637 dicuntur
640 1605 790 1642 interire,
817 1614 881 1635 non
901 1607 1060 1644 quantum

280 1660 320 1691 ad
342 1659 570 1697 substantiam,
589 1659 643 1690 sed
666 1661 824 1699 quantum
843 1658 882 1688 ad
903 1658 1060 1689 actionem

281 1715 311 1743 et
342 1713 522 1752 passionem
551 1714 718 1749 mutuam,
749 1714 778 1742 et
811 1711 871 1742 lioc
898 1712 1058 1750 maxime,

281 1768 439 1806 quantum
461 1766 500 1797 ad
524 1765 691 1805 qualitates
714 1765 843 1795 activas.
866 1757 1061 1804 'vegetabilia

282 1829 359 1851 vero
374 1821 403 1850 et
421 1819 598 1855 sensibilia,
617 1819 693 1858 quia
708 1827 771 1849 non
787 1818 903 1849 liabent
928 1822 1060 1858 potesta-

282 1876 346 1904 tem
374 1876 405 1903 et
430 1873 531 1903 vitam
563 1874 770 1912 perpetuam,
801 1875 833 1902 et
860 1872 1060 1904 durationem

283 1926 510 1966 sempiternam
524 1949 532 1963 ‚
559 1925 662 1964 qualis
682 1926 832 1965 competit
854 1927 949 1955 statui
979 1926 1062 1957 illius

285 1980 477 2017 nobilitatis,
503 1987 630 2009 necesse
658 1981 705 2008 est
732 1979 764 2007 in
793 1979 921 2017 propria
947 1982 1061 2009 natura

284 2033 445 2070 consumi,
463 2032 505 2062 ita
526 2034 631 2062 tamen
651 2031 738 2069 quod
753 2031 917 2061 salventur
932 2031 963 2061 in
980 2033 1063 2071 prin·

284 2085 390 2125 cipiis,
408 2087 438 2116 et
458 2085 596 2124 quodam
622 2084 716 2113 modo
736 2083 768 2113 in
789 2083 899 2121 simili,
916 2084 1062 2115 videlicet

284 2139 317 2170 in
338 2139 488 2177 homine,
514 2138 569 2178 qui
595 2137 838 2168 similitudinem
864 2137 959 2168 habet
987 2148 1060 2169 cum

285 2193 372 2223 omni
387 2201 503 2231 genere
526 2194 698 2222 creaturae:
723 2193 753 2221 et
768 2191 837 2221 ideo
852 2191 884 2221 in
900 2191 1000 2231 ipsius
1016 2192 1061 2222 in—

285 2246 454 2277 novatione
473 2248 501 2276 et
523 2245 753 2284 glorificatione
768 2247 901 2284 possunt
917 2244 976 2275 dici
996 2254 1062 2276 om-

286 2300 338 2330 nia
351 2299 515 2337 innovari,
530 2301 560 2329 et
576 2297 811 2338 quodammodo
826 2298 997 2337 praemiari.

544 2412 723 2447 CAPUT
762 2412 800 2445 V.

287 2501 324 2527 De
344 2497 581 2526 concomitantibus
597 2495 745 2531 judicium,
765 2496 831 2521 sicut
853 2497 887 2521 est
908 2498 1061 2523 resurrectio

597 2548 746 2575 corporum.

327 2624 368 2655 De
402 2621 633 2654 resurrectione
665 2622 772 2650 autem
801 2629 973 2660 corporum
1002 2622 1061 2652 hoc

287 2678 461 2709 tenendum
476 2677 534 2713 est,
552 2674 637 2714 quod
652 2674 798 2705 omnium
812 2683 945 2714 corpora
962 2675 1061 2706 homi-

1150 2642 1155 2654 “
1176 2640 1271 2671 ΓρῘιυ-κῐ,
1288 2646 1321 2670 lx',
1338 2642 1375 2664 ¹13.

1150 2686 1183 2715 (ιι)
1198 2687 1256 2709 t'oel.
1273 2685 1333 2708 eim.
1350 2684 1508 2708 animalibus.
