2003 3037
767 192 885 226 PART.
908 192 962 225 111.
986 191 1094 225 SECT.
1114 191 1221 224 XLIII.

182 263 243 295 suh
253 264 336 303 ¹iugo
350 263 482 294 rationis
497 262 701 303 cupiditatem
715 261 857 293 domare.
876 271 891 290 ι)
910 259 960 292 Ab

182 316 368 357 Augustino
378 320 387 336 ¹
401 327 409 348 ε
426 327 441 346 (ι
450 315 673 357 Temperantia
683 316 730 347 est
739 314 865 346 affectio
875 323 960 346 coer-

182 380 257 402 cens
267 372 298 402 et
312 370 462 402 cohibens
474 369 651 410 appetitum
660 369 701 400 ab
713 369 764 400 his
777 368 873 399 rebus
884 377 959 409 quae

182 425 319 466 turpiter
332 425 538 465 appetuntur.
553 435 568 452 »

223 477 332 510 Partes
354 477 586 518 temperantiae,
612 476 792 508 secundum
818 475 959 507 Tullium

183 533 216 564 in
226 532 336 572 prima
350 531 518 564 Rhetorica
526 531 548 569 ²,
564 532 640 562 sunt
654 532 729 568 tres,
746 530 865 561 scilicet
879 538 958 561 con—

181 586 327 624 tinentia,
339 585 518 624 clementia‚
535 586 567 616 et
579 584 741 615 modestia.
760 583 960 615 Continentia

181 641 245 678 est,
267 648 325 680 per
345 647 442 679 quam
464 638 623 678 cupiditas
646 637 769 669 consilii
794 637 958 676 guberna-

180 693 265 724 tione
274 691 409 732 regitur.
423 691 594 723 Clementia
604 693 651 722 est
661 691 779 730 virtus,
791 699 847 731 per
861 700 959 731 quam

180 746 307 778 animus
320 745 354 776 in
364 745 474 777 odium
484 745 620 784 alicujus
634 746 754 776 temere
770 744 958 783 concitatus,

180 799 380 839 benignitate
394 798 582 830 remittitur.
600 798 675 829 Haec
691 798 868 829 secundum
882 797 960 829 Tul-

180 853 272 884 lium.
300 853 484 885 Secundum
504 851 658 883 Senecam
682 860 760 883 vero
778 852 789 867 ³
813 862 820 882 :
851 863 866 881 «
891 851 958 883 Cle-

181 906 302 938 mentia
326 909 374 937 est
397 905 608 946 temperantia
631 905 730 936 animi
754 905 788 935 in
807 907 960 946 potestate

181 960 370 998 ulciscendi,
395 959 447 991 vel
470 959 643 999 superioris
666 958 780 989 lenitas
803 959 960 991 adversus

180 1013 362 1044 inferiorem
383 1013 417 1043 in
436 1012 539 1053 poenis
553 1013 790 1043 constituendis.
806 1024 822 1042 »
842 1012 961 1044 Modes-

180 1067 226 1098 tia
239 1067 416 1098 secundum
432 1065 574 1097 Tullium
589 1068 654 1104 est,
671 1075 728 1106 per
743 1076 841 1106 quam
856 1067 961 1106 pudor

180 1121 356 1152 honestatis
371 1130 487 1161 puram
502 1123 534 1151 et
555 1120 700 1151 stabilem
722 1123 885 1161 comparat
901 1130 958 1152 au-

181 1176 369 1208 ctoritatem.
399 1175 579 1206 Auctoritas
606 1175 639 1205 in
664 1175 724 1206 hac
751 1175 961 1215 descriptione

182 1229 312 1269 stabilis,
324 1229 502 1270 appellatur
514 1229 658 1268 gravitas
672 1237 891 1268 perseverans
908 1229 960 1260 Se-

182 1284 325 1315 cundum
341 1283 462 1322 dogma
472 1282 754 1322 Philosophorum,
770 1284 873 1322 partes
883 1285 961 1314 tem-

182 1337 336 1378 perantiae
347 1339 434 1375 sunt,
446 1345 520 1376 quae
534 1336 626 1367 foedis
640 1335 781 1366 motibus
796 1336 961 1367 dominan-

183 1393 246 1429 tur,
262 1399 336 1431 quae
351 1392 427 1421 sunt
441 1385 595 1420 modestia
605 1413 615 1428 ,
631 1389 838 1428 verecundia,
863 1390 961 1421 absti-

182 1445 305 1484 nentia,
322 1444 463 1482 castitas,
479 1443 643 1481 honestas,
661 1443 870 1481 moderantia,
887 1454 960 1484 par-

182 1499 270 1536 citas,
285 1498 450 1536 sobrietas,
466 1497 629 1538 pudicitia.
646 1497 798 1528 Modestia
812 1500 870 1537 est,
886 1508 960 1538 quae

181 1552 255 1583 facit
267 1551 405 1590 cultum,
422 1553 454 1582 et
468 1553 611 1589 motum,
628 1553 658 1582 et
672 1560 801 1581 omnem
816 1554 960 1583 nostram

182 1606 434 1646 occupationem,
450 1605 535 1636 ultra
550 1605 709 1636 defectum
720 1607 750 1635 et
762 1605 841 1636 citra
856 1615 961 1637 exces-

181 1669 256 1691 sum
266 1660 386 1697 sistere.
399 1659 596 1691 Verecundia
606 1660 696 1690 estin
708 1662 802 1698 gestu
817 1662 847 1690 et
862 1661 960 1692 verbo

182 1714 380 1745 honestatem
394 1722 533 1745 servare.
545 1713 745 1744 Abstinentia
756 1715 787 1744 et
796 1713 958 1753 honestas,

182 1768 382 1799 moderantia
391 1769 422 1798 et
430 1767 574 1807 parcitas,
587 1769 618 1798 θῖ
628 1767 782 1798 sobrietas
790 1767 898 1806 edulii,
911 1777 961 1799 co-

181 1822 293 1853 hibent
306 1822 515 1852 nutrimenta.
525 1821 724 1852 Abstinentia
736 1823 794 1859 est,
803 1824 960 1853 statutum

182 1876 357 1906 terminum
372 1875 547 1915 prandendi
562 1884 628 1906 non
642 1876 833 1915 praevenire.
852 1875 957 1907 Hone-

181 1931 245 1960 stas
260 1931 322 1967 est,
340 1938 398 1960 nec
412 1929 562 1959 lautiores
577 1929 663 1959 cibos
678 1938 834 1969 quaerere,
853 1939 911 1961 nec
925 1930 960 1961 in

181 1985 336 2023 apparatu
350 1992 481 2023 operam
500 1983 587 2014 dare.
608 1983 802 2014 Moderantia
824 1987 889 2022 est,
906 1985 960 2015 ni-

181 2037 283 2067 mium
298 2036 444 2067 ciborum
466 2037 641 2076 appetitum
665 2037 800 2067 rationis
824 2037 959 2077 imperio

181 2099 342 2122 revocare.
360 2090 499 2121 Parcitas
511 2093 568 2129 est,
580 2100 766 2122 mensuram
779 2092 959 2123 refectionis

182 2153 247 2174 non
272 2144 434 2174 excedere.
462 2144 621 2175 Sobrietas
642 2147 708 2182 est,
735 2154 902 2176 excessum
925 2146 958 2176 in

182 2200 259 2238 potu
282 2197 442 2228 cohibere.
467 2197 572 2237 HuJus
595 2197 737 2228 officium
763 2201 826 2236 est,
851 2208 959 2230 arcere

182 2251 266 2282 mala
291 2251 462 2282 ebrietatis.
486 2251 616 2282 Castitas
637 2254 684 2282 est
706 2252 895 2283 abstinentia
919 2254 958 2284 ab

181 2306 270 2336 omni
285 2305 369 2336 coitu
389 2304 496 2335 illicito
514 2316 520 2335 z
543 2314 615 2345 quae
629 2308 675 2336 est
689 2305 804 2346 triplex
815 2331 824 2345 ,
840 2306 958 2338 scilicet

181 2358 372 2399 conjugalis,
395 2359 544 2398 vidualis,
569 2361 600 2389 et
614 2359 793 2399 virginalis.
811 2359 957 2400 Virgini-

182 2415 229 2443 tas
251 2414 317 2451 est,
344 2412 519 2443 secundum
538 2413 759 2452 Augustinum
770 2414 796 2451 ³,
814 2414 848 2444 in
863 2424 958 2445 carne

182 2465 378 2506 corruptibili
399 2468 562 2506 perpetuae
585 2467 833 2507 incorruptionis
856 2469 958 2499 medi—

216 2547 220 2560 ¹
240 2548 314 2577 Aug„
330 2546 359 2569 de
376 2546 430 2570 Lib.
449 2547 520 2577 Ara,
538 2547 581 2571 lib,
603 2548 624 2577 t,
646 2555 667 2571 c.
689 2554 747 2571 x111.
768 2561 799 2565 —
819 2549 829 2564 ²
849 2549 910 2578 Cic„
929 2550 957 2573 (le

183 2583 287 2611 Inveni„
304 2581 347 2605 lib.
367 2583 398 2605 tt.
415 2596 441 2600 -
458 2582 467 2599 ³
483 2584 584 2614 senec„
599 2583 628 2607 de
646 2583 735 2614 Clem,
757 2583 799 2608 tib.
822 2585 850 2612 Η,
875 2592 896 2609 θ.
917 2591 956 2609 111.

182 2631 211 2636 —
224 2619 234 2634 ⁴
252 2619 326 2648 Aug„
341 2618 370 2641 de
392 2618 521 2649 Vz‘ryz‘m‘t„
540 2627 563 2643 θ.
583 2625 640 2643 xlii.
659 2633 684 2637 -
702 2622 709 2634 ‘³
726 2620 780 2644 Lih.
799 2620 828 2643 cle
846 2620 915 2651 Sln‘r.
935 2623 957 2644 et

182 2653 276 2683 Anim„
292 2660 313 2676 c.
330 2659 373 2677 xx.
388 2666 418 2671 —
430 2654 439 2670 ὅ
451 2655 576 2685 Macrob.‚
593 2655 618 2679 in
634 2656 718 2680 Somn.
736 2656 811 2686 Scz'p„
831 2656 875 2680 lib.
898 2658 916 2679 t.
928 2670 957 2674 —

184 2689 190 2701 ³
202 2688 266 2720 Cic„
281 2688 309 2712 cle
324 2689 429 2719 lavent„
444 2689 487 2714 lib.
504 2691 533 2715 lt.
551 2703 581 2708 —
599 2691 606 2704 ³
621 2691 668 2720 ld„
684 2691 728 2715 lib.
747 2692 790 2722 111,
804 2691 838 2715 ad
851 2692 956 2718 Heremz.

1734 194 1791 224 411

1014 260 1102 292 tatio.
1120 259 1278 293 Pudicitia
1290 262 1348 298 est,
1360 260 1580 293 moderamine
1591 259 1726 292 rationis
1741 267 1796 300 pe—

1014 314 1186 346 tulantiam
1201 314 1344 345 domare.

1055 369 1153 400 Actus
1174 367 1414 409 temperantias,
1436 368 1613 399 secundum
1632 368 1795 408 Augusti-

1015 432 1095 454 num
1103 426 1125 462 ⁵,
1141 424 1216 453 sunt
1226 423 1336 453 contra
1345 430 1507 462 prospera,
1520 430 1584 452 non
1597 430 1793 462 praesumere

1014 477 1101 518 quod
1115 485 1180 508 non
1196 475 1304 517 possit,
1322 475 1464 506 exerceri
1484 475 1517 506 in
1532 475 1674 512 utendis,
1697 477 1796 507 terre-

1015 540 1073 562 nas
1093 530 1280 571 cupiditates
1295 538 1361 560 non
1382 531 1509 560 tantum
1530 528 1724 568 reprimere,
1741 529 1796 560 sed

1014 585 1142 626 penitus
1162 584 1317 616 oblivisci.
1344 582 1528 615 Secundum
1552 583 1748 614 Macrobium
1763 583 1793 622 ⁶,

1014 639 1227 679 temperantia
1241 640 1288 669 est
1302 638 1411 669 omnia
1426 637 1624 678 relinquere,
1642 636 1677 667 in
1691 646 1796 677 quan-

1014 695 1086 724 tum
1107 694 1223 724 natura
1242 691 1373 732 patitur,
1390 699 1463 731 quae
1477 691 1621 731 corporis
1645 699 1724 723 usus
1740 699 1790 721 re-

1014 746 1124 787 quirit.

1223 841 1407 876 SECTIO
1444 841 1584 875 XLIII.

1288 931 1325 957 De
1344 929 1526 956 Fortitudine.

1056 1015 1208 1056 Sequitur
1218 1015 1326 1047 videre
1339 1015 1378 1046 de
1391 1015 1575 1046 fortitudine
1587 1015 1745 1055 quantum
1755 1013 1795 1045 ad

1016 1069 1256 1107 diffinitionem,
1277 1069 1457 1109 specierum
1479 1068 1749 1108 assignationem,
1765 1070 1796 1098 et

1016 1124 1148 1153 actuum
1164 1123 1386 1154 variationem.
1405 1122 1571 1153 Fortitudo
1583 1122 1628 1152 sic
1643 1121 1793 1152 describi·

1015 1179 1069 1207 tur
1084 1186 1103 1207 a
1121 1176 1225 1208 Tullio
1241 1177 1274 1207 in
1294 1178 1404 1216 prima
1427 1175 1614 1207 Rhetorica⁷
1633 1185 1639 1205 :
1663 1185 1678 1203 α
1692 1173 1796 1205 Forti-

1016 1230 1093 1261 tudo
1111 1232 1157 1261 est
1172 1230 1370 1261 considerata
1390 1229 1609 1270 periculorum
1623 1228 1793 1268 susceptio,

1016 1286 1047 1315 et
1068 1284 1216 1315 laborum
1236 1284 1407 1324 perpessio.
1428 1295 1442 1312 »
1461 1284 1539 1314 Item
1562 1284 1602 1314 ab
1629 1283 1740 1313 eodem
1761 1282 1795 1313 in

1016 1338 1159 1370 secunda
1172 1338 1361 1371 Rhetorica⁸
1375 1349 1381 1369 :
1399 1349 1413 1367 «
1423 1337 1588 1369 Fortitudo
1603 1338 1650 1368 est
1662 1345 1796 1375 magna-

1016 1403 1090 1424 rum
1105 1403 1214 1425 rerum
1233 1394 1401 1434 appetitio,
1419 1395 1450 1424 et
1464 1392 1637 1424 humilium
1652 1394 1793 1422 contem-

1017 1448 1092 1487 ptio,
1110 1450 1141 1478 θῖ
1164 1457 1237 1478 cum
1252 1448 1375 1478 ratione
1397 1446 1544 1478 utilitatis
1559 1446 1706 1477 laborum
1722 1454 1793 1484 per-

1016 1502 1131 1542 pessio.
1159 1513 1172 1530 n
1196 1501 1275 1532 Item
1299 1501 1339 1532 ab
1363 1501 1498 1532 eodem:
1523 1512 1537 1529 «
1561 1499 1727 1530 Fortitudo
1749 1500 1796 1529 est

1016 1556 1181 1586 rationalis
1205 1555 1371 1595 aggressio
1394 1553 1595 1591 terribilium,
1623 1562 1697 1583 cum
1719 1561 1796 1584 con-

1017 1610 1112 1640 stanti
1126 1618 1239 1640 eorum
1255 1608 1496 1649 perpessione.»
1513 1606 1698 1638 Secundum
1708 1606 1797 1637 Aris-

1016 1663 1166 1694 totelcm⁹
1179 1673 1209 1693 :a
1224 1662 1389 1693 Fortitudo
1405 1663 1453 1692 est
1466 1661 1570 1692 virtus
1591 1660 1795 1691 difficillimo-

1017 1726 1090 1748 rum
1104 1717 1138 1747 in
1153 1716 1356 1757 passionibus
1376 1715 1540 1755 operativa
1556 1715 1662 1754 gratia
1675 1715 1763 1745 boni.
1778 1726 1792 1743 ι)

1016 1771 1217 1810 Augustinus
1228 1770 1265 1807 ¹⁰,
1282 1770 1320 1802 de
1337 1769 1479 1802 Moribus
1495 1769 1645 1801 Ecclesice
1659 1778 1669 1800 :
1689 1780 1703 1798 α
1718 1768 1742 1799 F
1744 1778 1795 1799 or-

1016 1824 1119 1855 titudo
1141 1826 1188 1855 est
1211 1833 1302 1854 amor
1328 1823 1418 1854 facile
1442 1823 1550 1854 omnia
1564 1822 1704 1853 tolerans
1727 1831 1797 1862 pro-

1017 1881 1087 1918 pter
1098 1878 1128 1908 id
1140 1878 1226 1918 quod
1237 1879 1374 1908 amatur.
1390 1888 1404 1905 »
1416 1876 1578 1907 Fortitudo
1595 1876 1692 1906 etiam
1707 1876 1796 1906 aliter

1016 1932 1206 1962 describitur
1226 1942 1231 1962 z
1249 1931 1442 1962 «Fortitudo
1468 1932 1514 1961 est
1535 1930 1670 1961 firmitas
1697 1929 1797 1960 animi

1017 1988 1128 2017 contra
1153 1985 1315 2016 molestias
1339 1985 1457 2016 saeculi.
1483 1996 1497 2013 ι)
1526 1984 1563 2015 Εῖ
1588 1984 1730 2014 sumItur
1758 1983 1796 2014 de

1017 2040 1166 2071 Matthaeo
1179 2040 1199 2057 ¹¹
1222 2040 1260 2079 (α)
1282 2050 1288 2069 2
1309 2039 1410 2071 Erant
1427 2040 1566 2078 quatuor
1580 2027 1696 2076 millia,
1713 2039 1771 2068 etc.

1059 2093 1167 2123 Partes
1176 2092 1381 2129 fortitudinis,
1396 2092 1463 2123 sive
1474 2092 1605 2132 species,
1619 2091 1796 2122 secundum

1018 2145 1160 2176 Tullium
1180 2147 1256 2176 sunt
1270 2147 1418 2185 quatuor,
1438 2145 1556 2175 scilicet
1581 2144 1795 2183 magnificen-

1016 2200 1071 2236 tia,
1089 2199 1230 2237 fidentia,
1246 2198 1409 2238 patientia,
1426 2200 1457 2228 ct
1471 2197 1720 2237 perseverantia.
1733 2196 1797 2227 Ma-

1016 2252 1144 2282 crobius
1167 2252 1188 2270 ¹²
1210 2253 1329 2291 septem
1346 2251 1434 2291 ponit
1456 2253 1560 2290 partes
1584 2250 1794 2288 fortitudinis,

1016 2305 1132 2335 scilicet
1152 2304 1453 2344 magnanimitatem
1464 2329 1471 2342 ,
1488 2303 1657 2342 fiduciam,
1674 2304 1794 2334 securi-

1015 2361 1125 2395 tatem,
1138 2358 1425 2398 magnificentiam,
1438 2357 1660 2395 constantiam,
1675 2358 1795 2397 patien-

1016 2415 1103 2452 tiam,
1122 2415 1318 2445 [irmitatem.
1337 2413 1519 2444 Secundum
1535 2413 1656 2452 dogma
1670 2413 1792 2453 aliquo-¹

1015 2478 1102 2506 rum,
1119 2468 1270 2499 fortitudo
1286 2470 1333 2498 est
1354 2468 1455 2498 virtus
1469 2467 1669 2506 restringens
1691 2468 1794 2507 impe-

1015 2525 1067 2553 tus
1083 2521 1293 2553 adversitatis.
1310 2521 1414 2560 Hujus
1429 2522 1535 2560 partes
1545 2522 1620 2551 sunt
1634 2529 1794 2560 quaecum-

1016 2585 1161 2614 —2lArist.,
1174 2584 1324 2613 Ellu‘c.,lib.
1340 2584 1381 2614 ΙΙΙ,
1398 2591 1419 2607 c.
1437 2589 1472 2607 vu
1485 2585 1508 2607 et
1525 2589 1621 2607 v111.—-
1640 2584 1659 2600 1⁰
1674 2585 1748 2614 Aug„
1765 2582 1793 2606 tle

1015 2621 1107 2644 Morib.
1137 2620 1229 2650 Eccle„
1257 2627 1279 2643 c.
1312 2626 1353 2643 xv.
1383 2633 1413 2636 —
1444 2620 1461 2635 ¹¹
1492 2619 1595 2649 Mami„
1624 2625 1672 2648 xv,
1701 2620 1738 2642 33.
1763 2632 1792 2637 —

1016 2656 1035 2672 ¹²
1047 2656 1171 2686 Macrob.,
1187 2656 1212 2678 in
1229 2655 1313 2678 Somn.
1333 2654 1411 2685 δαίμ,
1429 2654 1472 2678 tib.
1491 2655 1509 2678 l.

1048 2694 1082 2725 (α)
1095 2694 1170 2717 Forte
1187 2693 1283 2725 legend.
1301 2693 1331 2718 de
1348 2692 1437 2718 Glossa
1450 2693 1477 2718 in
1491 2692 1648 2719 Matthaeum.
