2003 3037
752 180 869 213 PART.
894 180 948 212 111.
972 178 1080 212 SECT.
1104 179 1193 212 XLV.

119 244 121 246 ’
164 248 306 289 cognitio
318 249 357 282 de
372 249 434 282 Deo
449 249 510 282 sub
526 250 649 282 ratione
663 249 732 281 veri
750 248 936 289 tripliciter:

73 742 152 763 Consi-

45 772 107 794 lium.

81 1655 154 1675 Furti-

50 1687 110 1707 tudo.

79 2350 159 2371 Pietas.

165 301 282 334 scilicet
295 312 353 344 per
372 303 550 345 simplicem
566 311 751 342 ascensum,
777 304 808 334 et
830 302 875 333 sic
894 304 940 334 est

164 356 243 388 fides
258 358 376 390 faciens
390 358 562 397 assentire;
584 366 641 399 per
655 357 787 389 rationis
802 357 942 389 admini-

164 410 275 442 culum
286 435 294 449 ,
319 413 350 443 et
365 412 408 443 sic
422 411 600 443 intellectus
619 412 741 443 donum
753 435 762 450 ,
788 412 881 451 cujus
896 413 943 442 est

165 465 284 496 credita
309 475 366 505 per
386 466 544 497 rationem
569 465 770 505 intelligere;
794 474 851 505 per
870 465 944 495 sim-

166 517 280 557 plicem
289 519 479 558 contuitum,
495 519 582 550 etsie
592 521 639 550 est
653 519 811 550 munditia
826 518 940 555 cordis,

166 572 258 612 cuius
278 574 325 604 est
347 573 456 604 videre
478 573 590 605 Deum.
617 572 742 604 Etenim
763 572 802 603 ad
826 571 944 602 intelli-

167 625 311 665 gendum
337 627 456 658 credita
478 636 544 658 non
565 627 741 667 adjuvatur
769 626 868 657 homo
887 635 944 666 per

166 678 304 710 rationes
316 681 460 720 sumptas
475 689 494 711 a
508 679 752 712 conditionibus.

207 732 249 763 De
265 733 349 764 dono
362 733 483 764 consilii
498 736 581 772 tene,
598 734 684 774 quod
702 733 872 765 consilium
887 733 944 764 ali-

165 786 293 826 quando
316 787 392 818 dicit
414 789 523 818 actum
545 787 749 826 consiliandi3
774 787 944 827 aliquando

164 838 240 870 dicit
253 839 332 871 illud
347 841 386 871 ad
400 841 485 881 quod
498 841 689 872 terminatur
700 841 753 872 ille
767 843 874 878 actus3
891 840 945 871 ali-

164 893 292 933 quando
307 894 381 924 dicit
394 895 546 925 habitum
566 894 622 934 qui
641 894 768 934 expedit
782 896 813 925 et
833 894 945 933 dirigit

165 946 307 977 animam
322 947 361 978 ad
376 947 562 987 eligendum
580 947 817 988 prosequenda,
841 949 872 977 et
895 947 944 977 vi-

165 1000 298 1031 tandum
322 1001 486 1040 fugienda.
512 1001 646 1032 Habitus
660 1003 768 1032 autem
783 1000 943 1040 dirigens,

166 1053 192 1083 si
206 1053 246 1084 sit
259 1057 407 1094 respectu
422 1054 615 1094 eligibilium
631 1064 704 1095 quae
720 1057 797 1085 sunt
811 1055 946 1085 necessi-

165 1107 249 1145 tatis,
268 1110 315 1139 est
334 1109 532 1149 prudentiae,
554 1119 627 1150 quae
651 1109 762 1149 dirigit
787 1109 826 1140 ad
847 1109 923 1139 talia
935 1133 942 1147 ‚

165 1161 238 1192 licet
253 1162 363 1194 minus
379 1163 580 1201 excellenter,
603 1172 700 1203 quam
723 1163 857 1193 scientia
873 1172 944 1203 quae

166 1217 212 1246 est
222 1215 355 1248 donum.
368 1217 400 1248 Si
412 1219 520 1248 auten]
534 1217 691 1257 eligibilia
705 1217 767 1247 sint
780 1217 946 1247 arduitatis

167 1271 198 1300 et
221 1269 415 1301 difficultatis
433 1295 442 1310 ,
469 1273 517 1302 est
541 1271 661 1302 donum
686 1271 817 1302 consilii.
843 1270 947 1301 Potest

168 1322 285 1363 quippe
300 1324 397 1355 homo
414 1325 510 1364 dirigi
529 1325 563 1355 in
578 1324 730 1355 electione
754 1324 805 1355 vel
831 1333 945 1355 seeun-

168 1376 247 1407 dum
262 1377 411 1417 regulam
423 1379 510 1418 Juris'
523 1378 690 1416 naturalis,
702 1380 733 1409 et
750 1378 794 1409 sic
809 1380 856 1409 est
872 1387 945 1417 pru-

168 1485 199 1514 et
215 1484 259 1514 sic
273 1487 320 1516 est
334 1485 452 1517 donum
472 1486 617 1524 consilii,
635 1487 728 1525 quus
744 1488 790 1517 est
806 1486 946 1526 dirigere

169 1538 203 1568 in
222 1537 408 1570 electionem
437 1540 733 1580 prosequendorum
748 1564 755 1577 ‚
783 1543 813 1571 et
835 1541 948 1580 fugam

169 1592 387 1624 vitandorum.

211 1645 254 1676 De
273 1646 356 1677 dono
371 1647 564 1678 fortitudinis
586 1651 633 1679 est
657 1648 843 1685 tenendum,
864 1649 949 1688 quod

170 1698 240 1737 ejus
253 1700 341 1729 actus
351 1699 491 1730 consistit
504 1699 537 1730 in
553 1700 742 1731 sustinentia
749 1701 946 1740 passionum,

171 1753 202 1781 et
225 1753 433 1791 aggressione
454 1753 641 1784 arduorum.
675 1753 817 1793 Aggredi
841 1756 949 1784 autem

171 1804 269 1835 ardua
282 1829 292 1843 ,
309 1805 375 1837 sive
390 1806 511 1846 perpeti
525 1806 686 1846 passiones
702 1831 710 1845 ,
732 1809 836 1847 potest
852 1807 950 1838 homo

171 1859 358 1898 dupliciter:
374 1860 425 1890 vel
438 1862 567 1900 propter
579 1861 712 1900 justitiae
729 1863 759 1892 et
773 1861 948 1892 honestatis

172 1913 460 1950 conservationem,
478 1915 509 1944 et
522 1914 566 1944 sic
580 1914 708 1954 respicit
724 1914 877 1945 virtutem
891 1914 950 1944 for-

171 1966 334 2005 titudinis3
351 1967 402 1998 vel
420 1969 548 2007 propter
563 1966 675 1998 Christi
691 1968 865 2008 perfectam
882 1968 952 1998 imi-

171 2019 324 2051 tationem
335 2044 343 2059 ,
360 2023 391 2051 et
405 2021 448 2052 sic
464 2021 590 2061 respicit
608 2022 729 2053 donum
744 2022 948 2053 fortitudinis.

174 2073 320 2104 Primum
344 2076 391 2104 est
410 2074 448 2104 de
472 2074 642 2106 dictamine
664 2076 748 2115 juris
773 2076 949 2114 naturalis;

174 2127 368 2163 secundum,
385 2128 422 2158 de
437 2127 608 2158 dictamine
625 2129 709 2167 juris
723 2129 833 2160 (livini.
852 2130 951 2160 Actus

174 2188 253 2218 ergo
289 2180 364 2210 doni
401 2181 597 2211 fortitudinis
636 2182 811 2213 attenditur
855 2192 952 2222 penes

174 2234 358 2272 promptam
372 2235 403 2263 et
417 2234 597 2273 expeditam
613 2235 811 2265 tolerantiam
827 2237 951 2275 passio-

174 2294 266 2316 num.

215 2338 258 2370 De
277 2339 360 2370 dono
380 2340 505 2380 pietatis
521 2343 607 2379 tene,
628 2342 714 2381 quod
729 2342 830 2381 pietas
847 2345 951 2374 atten-

175 2392 264 2423 ditur
279 2402 360 2432 erga
376 2393 475 2424 Deum
487 2418 495 2432 ,
515 2396 546 2424 et
565 2396 612 2424 est
628 2395 711 2425 idem
737 2396 823 2435 quod
839 2396 950 2435 latria;

176 2455 256 2485 erga
270 2450 414 2486 parentes
428 2472 435 2486 ‚
460 2450 490 2478 et
505 2451 552 2479 est
567 2457 640 2488 pars
659 2449 809 2488 justitiae,
837 2460 950 2481 sccun-

175 2499 252 2530 dum
265 2501 414 2540 regulam
426 2502 512 2541 juris
526 2502 681 2533 naturalis
694 2527 701 2541 ,
726 2505 756 2533 et
775 2504 952 2534 secundum

177 2552 406 2592 obligationem
421 2556 633 2594 necessitatis3
660 2557 836 2587 attenditur
857 2557 953 2588 etiam

176 2615 257 2645 erga
271 2608 456 2646 proximum
471 2609 525 2640 Dei
538 2610 680 2649 imagine
694 2610 905 2649 insignitum,
923 2613 953 2642 et

177 2659 220 2690 sic
235 2661 281 2690 est
295 2659 432 2700 Spiritus
444 2663 544 2693 sancti
557 2663 690 2694 donum.
703 2663 762 2695 Sed
778 2666 853 2695 nota
866 2666 952 2703 quod

1717 181 1777 212 415

998 247 1225 279 misericordiae
1237 247 1341 279 virtus
1351 247 1484 280 attendit
1498 248 1532 279 in
1539 247 1688 288 proximo
1702 255 1778 278 con-

999 301 1194 333 formitatem
1215 301 1249 332 in
1273 303 1409 339 natura,
1439 303 1470 333 et
1495 301 1717 333 necessitatem
1743 300 1779 332 in

999 355 1145 393 miseria,
1169 354 1290 395 praevio
1305 354 1475 386 dictamine
1494 354 1579 395 juris
1602 354 1776 392 naturalis,

1000 409 1176 441 secundum
1190 408 1340 448 regulam
1363 408 1558 449 prudentiae;
1582 408 1682 449 pietas
1701 417 1778 439 vero

1000 462 1133 494 attendit
1159 463 1193 493 in
1223 462 1371 502 proximo
1399 462 1541 494 divinam
1577 461 1756 501 imaginem
1768 485 1776 498 ‚

1000 517 1123 558 praevio
1151 516 1321 548 dictamine
1346 515 1428 556 juris
1452 516 1574 554 divini,
1602 515 1779 546 secundum

1001 570 1150 609 regulam
1166 570 1241 601 doni
1263 570 1414 601 scientiae.
1440 569 1488 601 Ex
1511 569 1594 600 dono
1615 577 1695 607 ergo
1712 568 1780 608 pie-

1001 624 1074 655 tatis
1091 626 1138 655 est
1153 624 1252 655 homo
1274 624 1448 655 benevolus
1470 623 1599 654 cuilibet
1625 623 1780 653 creaturae

1002 678 1055 709 Dei
1071 678 1218 718 imagine
1233 678 1409 718 insignitae.
1423 677 1507 708 Talis
1523 679 1630 708 autem
1645 677 1782 708 benevo-

1001 731 1100 763 lentia
1114 741 1170 772 pro
1188 732 1256 763 loco
1270 734 1302 763 et
1315 733 1459 772 tempore
1478 731 1544 762 exit
1560 730 1733 771 aliquando
1747 729 1782 760 in

1002 785 1230 825 compassionis
1245 785 1396 816 affectum
1407 809 1417 824 ,
1433 784 1606 825 aliquando
1620 783 1655 814 in
1677 783 1782 823 operis

1002 839 1205 870 beneficium.
1231 839 1329 869 Actus
1354 847 1432 878 crgo
1452 838 1577 878 pietatis
1599 836 1782 877 praecipuus

1002 895 1048 924 est
1063 917 1072 932 ‚
1100 894 1200 924 facere
1222 892 1388 923 hominem
1414 891 1608 923 benevolum
1636 891 1782 930 respectu

1003 946 1171 986 cujuslibet
1194 946 1352 986 proximi,
1375 946 1409 976 in
1425 946 1584 986 quantum
1601 944 1685 984 gerit
1700 944 1780 974 ima-

1003 1000 1112 1039 ginem
1127 1000 1295 1031 Creatoris.

1043 1053 1086 1084 De
1111 1054 1193 1084 dono
1217 1053 1341 1084 timoris
1364 1054 1458 1091 tene,
1487 1052 1574 1092 quod
1598 1053 1668 1092 eJus
1692 1053 1782 1082 actus

1004 1107 1165 1146 generalis
1180 1109 1226 1137 est
1240 1106 1363 1137 resilire
1379 1106 1419 1136 ab
1435 1105 1547 1136 arduo.
1563 1104 1601 1136 Et
1615 1106 1715 1144 potest
1727 1104 1783 1135 dif-

1003 1162 1088 1192 finiri
1112 1161 1327 1192 communiter
1347 1160 1451 1192 omnis
1473 1160 1569 1191 timor
1588 1159 1632 1190 sic
1649 1171 1656 1190 :
1674 1159 1783 1190 Timor

1003 1218 1050 1246 est
1065 1215 1198 1246 resilitio
1215 1216 1254 1246 ab
1270 1215 1378 1255 aliquo
1393 1214 1511 1252 arduo,
1527 1213 1579 1244 vel
1594 1213 1780 1244 excellente.

1005 1269 1037 1300 Si
1052 1271 1160 1300 autem
1179 1269 1258 1299 illud
1279 1268 1418 1299 arduum
1437 1270 1485 1299 est
1502 1268 1536 1298 in
1556 1277 1674 1307 genere
1689 1267 1781 1306 honi,

1003 1325 1079 1354 tunc
1103 1325 1150 1354 est
1175 1322 1305 1353 resilitio
1320 1332 1394 1353 cum
1417 1321 1608 1353 reverentia.
1626 1321 1658 1352 Si
1674 1323 1782 1352 autem

1003 1377 1035 1407 in
1051 1386 1168 1417 genere
1185 1376 1275 1414 mali‚
1292 1377 1369 1406 tunc
1384 1378 1431 1406 est
1445 1375 1573 1406 resilitio
1597 1384 1671 1406 cum
1690 1375 1780 1414 fuga.

1005 1432 1217 1462 Damascenus
1234 1431 1242 1447 ¹
1258 1430 1335 1461 dicit
1350 1431 1499 1460 timorem
1516 1438 1584 1460 esse
1600 1431 1782 1469 expectato-

1004 1494 1073 1515 rem
1086 1484 1184 1515 futuri
1197 1484 1283 1514 mali.
1295 1484 1511 1523 Augustinus,
1523 1483 1681 1514 diffiniens
1691 1482 1785 1513 timo-

1004 1547 1093 1576 rem,
1117 1538 1190 1568 dicit
1204 1539 1215 1554 ²
1233 1549 1238 1568 :
1269 1536 1407 1567 «Timor
1429 1539 1476 1567 est
1496 1537 1576 1575 suga
1601 1536 1721 1574 animi,
1744 1545 1785 1566 ne

1005 1593 1129 1623 amittat
1145 1592 1176 1622 id
1189 1592 1273 1631 quod
1286 1591 1391 1621 habet.
1405 1602 1418 1619 »
1434 1590 1570 1621 Timoris
1586 1590 1709 1620 donum
1724 1589 1786 1620 tria

1004 1646 1158 1683 intuetur,
1177 1645 1294 1675 seilicet
1312 1656 1318 1675 2
1336 1654 1464 1684 poenam
1476 1668 1485 1681 ,
1513 1646 1548 1674 ut
1568 1653 1638 1674 eain
1661 1643 1784 1682 fugiat,

1005 1702 1035 1730 et
1050 1700 1094 1729 sic
1109 1702 1156 1730 est
1172 1699 1268 1729 timor
1284 1698 1426 1735 servilis3
1451 1697 1607 1728 offensam
1622 1721 1630 1732 ‚
1656 1699 1692 1728 ut
1713 1705 1785 1727 eam

1005 1755 1136 1789 caveat,
1152 1754 1183 1782 et
1198 1752 1242 1782 sic
1262 1754 1309 1782 est
1323 1753 1422 1782 timor
1437 1751 1582 1789 initialis,
1605 1751 1660 1791 qui
1681 1760 1785 1782 unum

1004 1807 1100 1837 habet
1116 1806 1246 1837 oculum
1270 1806 1309 1836 ad
1330 1815 1476 1845 poenam,
1497 1808 1527 1836 et
1550 1814 1653 1835 unum
1677 1805 1716 1836 ad
1739 1805 1787 1835 of-

1006 1860 1146 1897 fensam3
1174 1860 1375 1898 majestatem
1399 1867 1561 1889 summam
1573 1882 1580 1896 ,
1599 1860 1635 1888 ut
1651 1858 1678 1888 ei
1694 1867 1785 1889 reve-

1006 1915 1113 1944 renter
1129 1913 1309 1952 subJaeeat,
1324 1914 1354 1942 et
1369 1912 1413 1942 sic
1428 1914 1474 1942 est
1490 1912 1586 1942 timor
1596 1911 1701 1941 filialis
1713 1935 1721 1949 ,
1736 1911 1787 1942 cui

1007 1967 1126 2007 duplex
1149 1969 1312 2006 respectus
1337 1968 1383 1996 cst
1398 1993 1407 2004 7
1434 1975 1520 1997 unus
1539 1966 1573 1996 in
1595 1965 1787 2004 refugiendo

1007 2021 1175 2058 offensam,
1192 2030 1232 2051 ne
1247 2022 1411 2060 separetur
1421 2028 1440 2050 a
1452 2019 1533 2056 Deo;
1549 2018 1632 2050 alius
1643 2021 1688 2050 est
1702 2018 1788 2059 prin-

1007 2075 1138 2115 cipalior
1155 2075 1189 2104 in
1206 2074 1384 2105 reverendo
1404 2073 1521 2111 Deum,
1540 2075 1571 2104 et
1586 2073 1643 2104 iste
1659 2082 1785 2113 perma-

1008 2132 1061 2160 net
1076 2130 1109 2159 in
1125 2129 1238 2160 beatis.
1262 2129 1515 2167 Distinguuntur
1536 2129 1644 2158 autem
1668 2137 1725 2157 sex
1746 2127 1785 2156 ti-

1008 2183 1107 2213 moris
1122 2182 1310 2213 differentiae
1322 2206 1329 2219 ‚
1347 2181 1524 2212 secundum
1540 2181 1625 2220 quod
1639 2190 1657 2211 a
1672 2180 1787 2220 triplici

1007 2236 1164 2275 principio
1181 2236 1275 2266 habet
1290 2237 1409 2266 ortum.
1429 2234 1530 2264 Habet
1546 2234 1632 2264 enim
1647 2236 1754 2264 ortum
1769 2243 1788 2264 a

1008 2291 1135 2327 natura,
1153 2292 1183 2320 et
1198 2289 1242 2320 sic
1253 2292 1300 2320 est
1310 2289 1407 2319 timor
1418 2288 1590 2325 naturalis;
1608 2297 1625 2318 a
1640 2287 1785 2326 libidine,

1009 2343 1076 2374 sive
1085 2343 1353 2382 concupiscentia,
1362 2345 1388 2373 et
1397 2342 1455 2372 hoc
1465 2342 1564 2372 velex
1574 2341 1787 2372 nimioamore

1009 2396 1059 2427 sui
1071 2420 1080 2433 ,
1095 2398 1125 2426 ct
1140 2396 1185 2426 sic
1201 2398 1247 2426 est
1264 2396 1359 2426 timor
1374 2396 1553 2432 humanum
1568 2394 1617 2425 vel
1632 2404 1672 2425 ex
1688 2395 1794 2425 nimio.

1009 2459 1118 2480 amore
1133 2459 1268 2481 suorum
1282 2474 1290 2486 ,
1307 2451 1337 2479 et
1351 2449 1395 2479 sic
1407 2451 1453 2479 est
1470 2449 1564 2479 timor
1581 2448 1783 2485 mundanus;

1008 2513 1027 2534 a
1043 2504 1164 2542 gratia,
1182 2506 1211 2534 et
1226 2503 1285 2533 hoc
1299 2502 1350 2533 vel
1373 2512 1392 2532 a
1406 2502 1512 2541 gratia
1529 2502 1629 2541 gratis
1644 2501 1717 2531 data
1730 2525 1737 2538 ‚
1756 2504 1787 2531 et

1009 2557 1052 2587 sic
1061 2560 1106 2588 est
1117 2557 1215 2588 timor
1227 2556 1366 2593 servilis3
1385 2555 1436 2586 vel
1449 2565 1467 2586 a
1481 2555 1585 2594 gratia
1598 2557 1728 2594 gratum
1743 2554 1786 2584 fa-

1045 2638 1050 2654 ¹
1069 2639 1198 2667 Damaso„
1211 2636 1240 2660 (le
1251 2636 1308 2660 Fid.
1320 2636 1432 2667 orthod„
1448 2636 1491 2659 lib.
1510 2636 1539 2666 u,
1560 2642 1582 2659 c.
1595 2641 1640 2665 ΧΗ,
1656 2634 1681 2658 in
1695 2634 1784 2658 fine.—

1008 2675 1018 2689 2
1034 2675 1108 2704 Aug,
1123 2673 1152 2697 cle
1168 2672 1298 2698 LXXXIII
1309 2672 1410 2703 Quoest„
1428 2678 1452 2702 q.
1471 2677 1567 2695 xxxni.

1819 1059 1901 1079 Timor.

1836 2138 1908 2158 Timo-

1802 2169 1832 2189 ris
1853 2175 1905 2196 spe-

1802 2206 1855 2220 eles.
