2003 3037
86 1255 165 1274 Exem-

58 1285 120 1312 plum
132 1285 154 1305 01
155 1296 164 1300 -

59 1316 164 1336 floccissi-

59 1354 120 1370 mum
130 1349 166 1370 de-

60 1412 163 1433 Christus

60 1443 83 1478 in
110 1449 162 1471 pas-

59 1480 127 1496 sione.

93 2225 161 2246 Satis-

76 2257 139 2277 factio

56 2288 146 2309 Christi.

721 197 772 230 DE
795 198 1095 232 lNGARNATIONE
1116 200 1246 234 VERBl.

179 266 496 308 ignominiosissima,
510 268 542 298 et
551 267 681 315 propter
693 265 875 307 patibulum
885 275 957 298 cru-

179 321 244 361 cis,
267 329 341 362 quae
364 323 432 352 erat
453 319 648 362 supplicium
667 320 900 361 pessimorum,
926 322 957 352 et

179 376 308 417 propter
322 374 520 406 consortium
534 374 731 414 iniquorum,
749 374 896 406 videlicet
910 374 957 406 ia·-

179 430 321 466 tronnm,
337 437 411 460 cum
430 427 548 468 quibus
568 427 629 458 fuit
643 427 822 468 deputatus.
840 428 958 460 Passus

179 484 226 515 est
247 482 345 513 etiam
371 481 516 523 passione
537 481 778 522 interemptoria
794 491 851 522 per
866 491 957 522 sepa-

178 536 335 568 rationem
358 535 475 566 animae
499 543 519 566 a
543 543 674 575 corpore
689 558 699 574 ,
733 534 822 566 salva
848 536 958 566 tamen

169 589 298 622 ⁴unione
327 589 495 629 utriusque
522 597 597 619 cum
620 588 747 620 deitate.
776 588 958 620 Anathema

178 643 264 674 enim
291 644 356 681 est,
382 642 437 683 qui
452 632 532 673 vdicit
560 642 615 673 Dei
637 642 758 673 Filium
783 644 955 681 naturam,

179 704 278 737 quam
287 695 385 727 semel
394 695 576 736 assumpsit,
589 695 760 736 aliquando
773 696 951 737 reliquisse.

218 749 308 782 Ratio
329 751 439 781 autem
462 749 502 781 ad
525 749 773 789 intelligentiam
787 750 958 790 praedicto-

177 813 250 836 rum
263 804 333 835 haec
342 806 405 836 est:
420 804 497 845 quia
512 804 733 844 reparativum
749 805 954 846 principium,

177 858 259 891 sicut
274 859 417 890 ordinate
437 859 607 899 produxit,
627 858 672 889 sic
689 860 719 889 et
734 859 879 890 ordinate
902 868 959 890 re-

177 921 290 953 parare
306 913 415 944 debuit
440 921 544 952 genus
559 913 752 943 humanum.
780 911 833 943 Sic
855 913 959 952 igitur

178 975 326 1006 reparare
341 967 451 1004 debet,
466 968 503 997 ut
517 966 604 998 salva
619 966 659 997 sit
674 966 804 997 libertas
820 966 955 1005 arbitrii,

178 1019 284 1052 salvus
301 1020 340 1050 sit
353 1019 681 1053 nihilominushonor
696 1019 770 1058 Dei,
789 1019 899 1051 salvus
915 1020 958 1051 sit

179 1073 275 1105 etiam
302 1073 379 1105 ordo
400 1073 570 1113 regiminis
593 1073 748 1104 universi.
775 1073 856 1110 Quia
877 1082 959 1114 ergo

178 1136 327 1168 reparare
341 1127 469 1166 debuit,
486 1126 574 1159 saiva
588 1126 733 1158 libertate
748 1127 892 1166 arbitrii,
911 1137 958 1159 re-

178 1182 303 1222 paravit
330 1181 433 1212 dando
458 1181 644 1220 exemplum
672 1181 955 1214 efficacissimum:

179 1235 362 1275 exemplum
383 1236 491 1266 autem
513 1235 589 1266 illud
611 1235 870 1267 efficacissimum
895 1238 957 1276 est,

180 1289 265 1329 quod
284 1289 399 1320 invitat
415 1290 446 1319 et
469 1288 619 1319 informat
637 1288 803 1320 hominem
830 1289 870 1320 ad
890 1289 958 1321 cul-

180 1352 255 1374 men
269 1342 439 1374 virtutum.
456 1341 543 1373 Nihil
561 1343 670 1373 autem
685 1343 790 1382 magis
805 1342 960 1374 informat

179 1395 344 1427 hominem
360 1395 399 1426 ad
413 1395 579 1435 virtutem,
596 1405 695 1437 quam
711 1396 896 1437 exemplum
912 1398 958 1427 to-

179 1449 300 1481 lerandi
327 1450 463 1480 mortem
486 1451 617 1490 propter
641 1449 802 1489 justitiam
826 1451 858 1481 et
882 1450 958 1482 obe-

179 1503 331 1534 dientiam
351 1502 510 1541 divinam,
537 1504 693 1541 mortem,
722 1503 873 1543 inquam,
894 1513 960 1535 non

179 1566 435 1598 quamcumque,
453 1557 507 1588 sed
523 1557 785 1597 poenalissimam.
802 1556 889 1588 Nihil
907 1567 960 1590 ve-

179 1620 215 1642 ro
238 1611 344 1650 magis
364 1611 492 1653 incitat,
520 1620 620 1651 quam
642 1612 730 1641 tanta
754 1611 957 1650 benignitas,

179 1674 242 1704 qua
262 1673 319 1704 pro
341 1664 433 1694 nobis
452 1663 628 1694 altissimus
649 1663 702 1694 Dei
723 1663 821 1694 Filius
838 1665 960 1705 absque

180 1719 296 1750 nostris
312 1718 434 1749 meritis
445 1742 452 1755 ,
469 1718 535 1748 imo
551 1726 624 1748 cum
641 1718 752 1749 multis
767 1720 885 1750 nostris
903 1720 957 1751 de-

180 1774 320 1811 meritis,
339 1773 445 1813 posuit
461 1773 605 1803 animam
630 1782 722 1804 suam
741 1783 747 1804 :
766 1782 839 1813 quae
865 1774 959 1804 beni-

180 1828 286 1867 gnitas
307 1829 395 1858 tanto
419 1828 523 1867 maj0r
547 1826 734 1865 ostenditur,
761 1829 880 1866 quanto
901 1837 959 1867 pro

180 1884 273 1915 nobis
288 1883 440 1924 graviora
448 1885 478 1914 et
488 1883 662 1923 abjectiora
673 1882 738 1922 pati
750 1882 853 1914 voluit
864 1883 956 1914 Deus.

183 1938 248 1977 Qui
263 1938 349 1969 enim
364 1938 372 1954 ¹
395 1938 526 1977 proprio
541 1936 610 1976 fillo
630 1944 687 1968 suo
706 1944 771 1968 non
793 1938 956 1976 pepercit,

180 1991 237 2023 secl
254 2000 312 2032 pro
328 1991 418 2023 nobis
434 1990 580 2023 omnibus
605 1989 748 2022 tradidit
771 1990 874 2029 illum,
897 1998 959 2031 quo

181 2045 272 2077 modo
297 2053 361 2078 non
380 2045 477 2077 eciam
497 2053 568 2076 cum
584 2044 638 2076 illo
659 2045 769 2076 omnia
791 2045 883 2076 nobis
904 2044 959 2077 do-

180 2100 272 2131 navit
284 2100 299 2131 ?
313 2099 361 2130 Ex
380 2108 444 2139 quo
460 2098 637 2129 invitamur
657 2098 695 2128 ad
716 2098 823 2138 ipsum
844 2107 956 2129 aman-

180 2153 274 2191 dum,
292 2155 322 2183 et
337 2155 481 2183 amatum
495 2153 699 2183 imitandum.

219 2207 351 2245 Rursus,
365 2207 440 2246 quia
450 2215 597 2246 reparare
610 2207 719 2237 debuit
733 2207 822 2238 salvo
833 2207 957 2238 honore

177 2261 243 2300 Dei,
262 2261 331 2292 ideo
346 2260 508 2300 reparavit
523 2260 685 2291 offerendo
699 2260 895 2300 obsequium
912 2270 957 2291 sa-

177 2316 386 2347 tisfactivum.
401 2315 455 2346 Est
465 2316 572 2346 autem
582 2315 760 2346 satisfacere
771 2339 779 2354 ,
796 2315 957 2347 honorem

178 2368 241 2399 Deo
256 2368 400 2399 debitum
422 2368 606 2409 rependere.
630 2368 737 2399 Honor
762 2371 871 2399 autem
893 2370 956 2400 Deo

178 2422 357 2453 subtractus
372 2431 428 2461 per
451 2412 635 2461 superbiam
655 2426 686 2454 et
708 2423 958 2454 inobedientiam

178 2477 322 2515 respectu
334 2475 379 2506 rei
390 2475 429 2505 ad
439 2484 537 2515 quam
544 2476 642 2507 homo
657 2477 856 2516 astringitur,
868 2477 958 2508 nullo

179 2528 273 2558 modo
286 2528 399 2559 melius
414 2529 602 2568 restituitur,
619 2539 718 2569 quam
734 2540 789 2570 per
804 2531 953 2561 humilia-

180 2581 299 2612 tionem
309 2584 340 2611 et
351 2582 562 2613 obedientiam
573 2583 611 2614 ad
623 2592 694 2614 eam
708 2593 788 2620 rem,
804 2585 843 2615 ad
858 2594 957 2625 quam

182 2634 364 2666 nullatenus
385 2636 564 2668 tenebatur.
591 2637 748 2675 Quoniam
763 2647 842 2678 ergo
865 2639 956 2670 Chri-

216 2698 220 2711 ¹
234 2697 380 2728 Ronz.,V111,
396 2698 434 2722 32.
449 2711 475 2716 -—
492 2700 501 2716 ἰ
512 2699 618 2732 Philip.y
636 2705 662 2729 11,
680 2701 703 2725 7.

1734 207 1793 238 293

1013 269 1081 300 stus
1097 271 1202 308 Jesus,
1226 270 1260 301 in
1279 273 1436 311 quantum
1452 272 1551 312 Deus,
1573 273 1708 314 aequalis
1727 276 1796 305 erat

1015 321 1100 354 Patri
1115 322 1264 354 informa
1276 323 1346 363 Dei;
1364 325 1398 356 in
1413 327 1570 366 quantum
1582 326 1681 358 homo
1698 327 1793 359 inno-

1013 385 1099 415 cens,
1117 377 1301 409 nullatenus
1316 381 1383 410 erat
1399 379 1522 411 debitor
1539 380 1670 419 mortis,
1696 381 1774 412 dum
1785 382 1797 400 ¹

1014 432 1219 472 semetipsum
1243 433 1433 465 eoee'nam’vz’t
1460 436 1491 466 et
1519 435 1627 473 saccus
1653 438 1697 467 esc
1723 435 1796 467 obe-

1015 485 1109 517 diens
1124 494 1223 525 usque
1246 486 1290 517 ad
1310 489 1454 526 mortem,
1478 488 1599 519 exolvit
1621 488 1703 527 Deo,
1723 499 1797 529 quae

1015 548 1081 570 non
1113 539 1222 579 rapuit
1234 562 1243 577 ,
1271 548 1327 579 per
1353 540 1544 580 obsequium
1573 542 1797 574 satisfactionis

1015 592 1185 633 perfectae,
1212 594 1243 624 et
1266 593 1380 624 obtulit
1404 594 1596 626 sacrificium
1625 596 1798 628 suavitatis

1014 655 1152 677 summae
1167 655 1225 687 pro
1240 647 1378 686 perfecta
1393 646 1447 677 Dei
1461 647 1648 687 placatione.
1667 649 1798 681 Postre-

1015 708 1069 730 mo
1081 723 1089 738 ,
1104 699 1181 739 quia
1195 708 1344 740 reparare
1358 700 1466 731 debuit
1479 701 1568 733 salvo
1583 702 1693 734 ordine
1710 704 1797 744 regi-

1016 752 1112 783 minis
1127 753 1288 792 universi‚
1305 754 1375 785 ideo
1399 763 1456 794 per
1478 756 1657 787 remedium
1677 766 1794 789 conve-

1016 806 1254 838 nientissimum
1267 808 1440 848 reparavit.
1449 808 1796 844 Convenientissimum

1016 861 1126 892 autem
1139 861 1204 899 est,
1221 861 1258 891 ut
1273 861 1432 892 contraria
1447 863 1614 894 contrariis
1631 868 1794 898 curentur.

1057 914 1139 952 Quia
1154 923 1236 954 ergo
1250 915 1348 946 homo
1361 939 1369 954 ,
1391 915 1504 946 volens
1531 926 1599 948 esse
1615 919 1741 959 sapiens
1765 922 1800 951 ut

1016 968 1100 999 Deus
1110 993 1117 1007 ,
1142 969 1284 1009 peccavit
1298 969 1332 1000 in
1346 969 1438 1010 ligno
1455 971 1553 1002 vetito
1568 972 1681 1003 volens
1695 973 1800 1005 delec-

1016 1023 1096 1062 tari,
1112 1023 1160 1062 ‚ita
1185 1024 1272 1064 quod
1297 1024 1468 1057 inclinatus
1483 1028 1530 1057 est
1551 1027 1590 1057 ad
1612 1027 1797 1067 libidinem,

1016 1077 1140 1108 erectus
1155 1077 1188 1107 in
1203 1080 1455 1119 praesumptione
1466 1103 1475 1118 ,
1493 1089 1529 1111 ac
1545 1089 1603 1120 per
1615 1081 1677 1112 1100
1692 1083 1796 1113 totum

1016 1139 1121 1170 genus
1136 1130 1319 1163 humanum
1344 1133 1497 1164 infectum
1522 1135 1585 1173 est,
1610 1137 1640 1166 et
1663 1136 1800 1175 perdidit

1016 1184 1301 1226 immortalitatem,
1311 1188 1342 1219 et
1350 1187 1486 1219 incurrit
1495 1188 1633 1220 debitam
1642 1193 1778 1222 mortem
1791 1202 1798 1222 z

1016 1237 1092 1268 11100
1108 1240 1172 1278 051,
1189 1240 1275 1279 quod
1298 1241 1338 1271 ad
1353 1241 1413 1272 hoc
1424 1266 1432 1280 ,
1449 1243 1536 1282 quod
1551 1243 1648 1274 homo
1668 1253 1800 1285 repara-

1017 1293 1105 1323 retur
1120 1294 1323 1326 convenienti
1338 1296 1495 1333 remedio,
1513 1296 1596 1328 Deus
1611 1298 1711 1330 factus
1738 1299 1802 1331 ho·

1017 1355 1070 1377 mo
1095 1347 1197 1378 voluit
1216 1347 1400 1388 humiliari,
1426 1352 1457 1381 et
1478 1351 1513 1382 in
1536 1351 1629 1391 ligno
1655 1353 1741 1392 pati,
1769 1355 1801 1386 et

1017 1402 1126 1432 contra
1137 1402 1355 1434 universalem
1363 1404 1567 1436 infectionem
1576 1407 1641 1445 pati
1649 1407 1797 1446 passione

1016 1455 1278 1496 generalissima;
1305 1460 1416 1489 contra
1437 1458 1601 1490 libidinem
1615 1484 1625 1499 ,
1652 1461 1801 1501 passione

1016 1509 1235 1549 acerbissima3
1250 1515 1361 1543 contra
1371 1514 1667 1554 praesumptionem,
1682 1516 1801 1555 passio-

1016 1571 1056 1594 ne
1070 1563 1394 1604 ignominiosissima3
1416 1569 1526 1598 contra
1549 1570 1688 1599 mortem
1709 1569 1800 1600 debi-

1016 1618 1082 1647 tam
1098 1619 1128 1648 et
1143 1618 1279 1649 invitam
1293 1642 1300 1656 ,
1317 1620 1383 1659 pati
1400 1620 1501 1652 voluit
1515 1623 1653 1653 mortem
1668 1631 1734 1655 non
1750 1623 1799 1655 in·

1015 1670 1116 1702 vitam
1129 1694 1137 1709 ‚
1155 1671 1210 1702 sed
1225 1672 1455 1706 voluntariam.

1057 1724 1137 1762 Quia
1152 1735 1231 1765 ergo
1255 1728 1447 1766 generalitas
1463 1729 1678 1770 corruptionis
1693 1730 1726 1761 in
1740 1739 1800 1763 no·

1016 1779 1064 1809 bis
1080 1779 1230 1811 infecerat
1245 1791 1310 1812 non
1329 1782 1434 1813 solum
1454 1792 1571 1824 corpus
1587 1787 1618 1815 et
1633 1785 1776 1817 animam
1787 1810 1797 1825 ,

1015 1834 1069 1865 sed
1085 1834 1181 1865 etiam
1203 1845 1332 1867 omnem
1349 1838 1489 1877 corporis
1511 1841 1634 1878 partem
1645 1864 1653 1877 ,
1680 1842 1711 1870 et
1726 1849 1799 1870 om-

1015 1897 1089 1918 nem
1123 1889 1240 1921 animae
1278 1891 1453 1930 potentiam
1471 1903 1478 1930 3
1509 1892 1584 1923 hinc
1610 1895 1676 1931 051,
1712 1893 1798 1933 quod

1015 1941 1159 1973 Christus
1176 1952 1289 1982 passus
1309 1946 1356 1975 est
1372 1945 1406 1975 in
1421 1946 1509 1976 omni
1532 1946 1674 1986 corporis
1690 1949 1796 1986 parte,

1015 1997 1046 2026 et
1061 1995 1095 2026 in
1119 1997 1207 2027 omni
1228 1999 1372 2037 potentia
1390 1999 1524 2038 animas,
1548 2000 1626 2031 etin
1641 2001 1797 2040 superiori

1014 2050 1158 2090 portione
1175 2051 1326 2091 rationis,
1350 2062 1423 2093 quae
1440 2063 1567 2084 summe
1595 2054 1628 2084 in
1653 2054 1715 2085 Deo
1742 2055 1798 2086 de-

1014 2104 1189 2136 lectabatur
1204 2107 1240 2136 ut
1255 2106 1352 2145 ratio,
1370 2109 1400 2139 et
1422 2110 1550 2148 propter
1574 2109 1731 2141 unionem
1748 2109 1798 2141 sui

1014 2158 1054 2189 ad
1067 2159 1231 2198 superius;
1245 2162 1276 2191 et
1284 2170 1409 2192 summe
1420 2163 1601 2202 patiebatur
1616 2165 1652 2194 ut
1667 2166 1795 2203 natura,

1015 2213 1044 2242 et
1061 2214 1188 2252 propter
1208 2215 1467 2253 conjunctionem
1484 2216 1523 2246 ad
1542 2216 1674 2247 inferius
1686 2241 1694 2256 ,
1719 2219 1795 2258 quia

1015 2264 1157 2296 Christus
1173 2269 1240 2297 erat
1255 2267 1358 2299 viator
1373 2271 1404 2299 et
1415 2270 1663 2309 comprehensor
1679 2271 1792 2304 simul.

1055 2318 1178 2350 Rursus
1194 2343 1204 2358 ‚
1233 2321 1309 2360 quia
1335 2321 1432 2353 libido
1465 2323 1675 2356 vehementer
1712 2326 1795 2357 infe-

1014 2374 1099 2402 cerat
1114 2373 1147 2403 in
1162 2374 1252 2404 nohis
1272 2375 1412 2406 animam
1429 2378 1459 2407 et
1474 2386 1603 2408 carnem
1613 2402 1622 2417 ‚
1645 2381 1676 2410 et
1692 2389 1794 2419 quan-

1014 2427 1084 2456 tum
1106 2426 1145 2457 ad
1171 2429 1325 2468 carnalia,
1354 2432 1384 2461 01
1408 2433 1566 2471 quantum
1584 2433 1623 2463 ad
1643 2434 1795 2473 spiritua·-

1014 2479 1055 2510 lia
1070 2483 1211 2520 pcccata;
1230 2482 1305 2513 hinc
1318 2486 1379 2523 est,
1403 2485 1487 2524 quod
1502 2486 1645 2516 Christus
1660 2488 1690 2517 et
1706 2496 1794 2518 acer-

1014 2533 1144 2565 bissima
1173 2536 1319 2575 passione
1351 2547 1462 2577 passus
1488 2541 1535 2569 051
1565 2539 1599 2569 in
1622 2549 1716 2571 carne
1728 2565 1735 2579 ,
1765 2543 1796 2572 et

1013 2588 1215 2619 amarissima
1246 2599 1431 2630 compassus
1461 2594 1507 2622 est
1542 2592 1576 2622 in
1604 2593 1721 2623 anima.
1756 2593 1794 2625 Et

1013 2642 1088 2681 quia
1103 2642 1137 2672 in
1151 2651 1245 2674 carne
1265 2646 1333 2674 erat
1349 2646 1492 2676 maxima
1512 2647 1678 2686 aequalitas
1701 2656 1793 2678 com-

1013 2694 1170 2733 plexionis
1181 2721 1189 2735 ‚
1206 2700 1235 2728 01
1253 2699 1387 2737 perfecta
1402 2699 1554 2731 vivacitas
1570 2709 1741 2739 sensuum,
1758 2701 1790 2732 in

1847 1740 1923 1762 Passio

1829 1772 1911 1794 Christi

1825 1809 1916 1830 genera-

1814 1835 1850 1862 lis,
1870 1837 1922 1863 quia

1822 1873 1913 1893 genera-

1826 1900 1854 1920 lis
1869 1900 1909 1920 fuit

1813 1931 1835 1952 in
1858 1932 1922 1954 nobi!

1819 1968 1911 1990 corrup-
