2003 3037
107 1061 184 1083 Inani·

92 1093 169 1120 glorias

77 1124 178 1146 diffinitio

799 219 916 251 PART.
940 219 964 250 Ι.
986 217 1094 251 SECT.
1117 216 1197 249 XIX.

190 292 355 324 inferiores
369 291 537 333 opprimit,
553 298 645 331 pares
671 288 816 320 molestat
839 289 871 318 et
894 296 969 328 per-

189 347 309 378 turbat.
339 345 432 377 Tunc
460 344 590 376 libertas
624 341 776 383 peccandi
807 340 966 381 succedit,

191 400 268 441 quia
285 409 345 432 nee
359 399 460 431 Deum
479 398 611 434 timens,
631 404 690 427 nec
708 394 855 426 homines
875 403 967 427 reve-

191 463 280 492 rens,
297 454 405 494 peccat
423 452 537 490 libere,
555 450 726 482 consuetus
749 448 789 480 ad
812 448 915 487 mala,
934 448 970 479 in

191 507 387 549 profundum
404 505 551 538 decidens
565 504 781 545 peccatorum.

385 615 577 652 sECTIO
619 598 777 649 xiim.

460 700 498 726 De
510 697 591 725 inani
604 697 704 732 gloria.

234 779 389 821 Sequitur
415 777 524 810 videre
552 776 589 807 de
618 775 709 806 inani
740 774 844 814 gloria
861 798 870 813 ‚
901 782 973 814 quae

193 834 278 866 idem
303 834 366 871 est,
382 832 469 873 quod
492 830 660 871 superbia,
679 828 858 860 secundum
882 837 950 858 rem
963 851 971 866 ‚

194 888 233 920 ab
247 887 358 918 eadem
371 885 521 917 differens
538 884 674 915 ratione.
691 883 779 914 Circa
791 891 890 923 quam
905 881 975 912 bre-

195 941 277 973 viter
297 939 434 972 videnda
457 940 532 970 sunt
550 940 709 978 quatuor,
728 936 846 967 scilicet
862 947 869 966 2
888 935 975 966 disfi-

195 995 292 1033 nitio,
312 993 467 1034 oppositio
481 1016 489 1030 ‚
506 991 709 1029 differentiae,
727 992 758 1022 et
774 989 861 1020 filiae.

237 1046 345 1078 Inanis
363 1045 468 1085 gloria
487 1044 532 1075 sic
553 1043 710 1074 diffinitur
727 1053 733 1073 τ
750 1041 856 1073 Inanis
872 1040 977 1081 gloria

197 1101 243 1131 est
258 1107 348 1131 amor
362 1098 467 1130 laudis
481 1097 620 1139 propriae
633 1122 640 1136 ‚
662 1098 793 1137 propter
817 1095 976 1126 excellen-

197 1154 275 1185 tiam
291 1154 509 1194 apparentem.
526 1151 635 1183 Inanis
654 1150 758 1190 gloria
777 1149 816 1180 ad
842 1149 975 1180 humili-

198 1210 297 1239 tatem
311 1207 408 1238 habet
423 1207 552 1247 opponi.
574 1205 746 1237 Humilitas
766 1206 873 1235 autem
896 1212 975 1243 qua-

200 1263 272 1293 tuor
283 1261 381 1293 habet
395 1263 496 1299 actus,
513 1262 545 1292 et
559 1260 603 1290 sic
614 1260 711 1291 habet
726 1260 865 1299 quatuor
882 1266 978 1298 oppo-

200 1315 340 1347 sitiones.
357 1315 485 1347 Primus
501 1316 591 1345 actus
605 1315 669 1352 est,
688 1313 770 1344 velle
795 1311 909 1352 subJ'ici
924 1322 931 1349 ;
949 1313 979 1342 et

201 1369 246 1400 sic
264 1369 437 1410 opponitur
459 1368 618 1410 superbiae
638 1367 731 1406 large
753 1368 901 1406 sumptae.
921 1365 976 1397 Se-

201 1423 325 1454 cundus
341 1425 404 1462 est⁷
421 1423 460 1454 de
477 1431 508 1453 se
530 1430 628 1462 parva
653 1421 769 1451 sentire
779 1432 786 1458 ;
809 1420 894 1451 unde
910 1420 977 1450 Au-

201 1477 353 1517 gustinus
368 1477 443 1508 dicit
461 1487 468 1507 :
489 1487 504 1505 «
518 1475 687 1507 Humilitas
710 1476 756 1505 est
776 1483 888 1505 sensus
903 1482 979 1514 pro-

202 1532 282 1572 priae
296 1531 482 1572 parvitatis3
499 1541 513 1559 n
532 1531 562 1560 et
578 1529 622 1560 sic
641 1529 814 1569 opponitur
838 1527 978 1566 tumori,

201 1585 253 1617 vel
268 1585 408 1616 elationi.
425 1584 550 1616 Tertius
569 1585 633 1622 est,
650 1582 732 1614 velle
754 1582 885 1612 subesse
906 1590 971 1612 om-

202 1639 297 1670 nibus
312 1662 322 1677 ,
348 1638 465 1669 scilicet
491 1637 733 1677 superioribuS,
760 1635 893 1676 paribus
911 1659 919 1673 ,
951 1635 982 1665 et

202 1692 421 1730 inferioribu53
436 1694 466 1723 et
478 1692 523 1723 sic
537 1691 709 1732 opponitur
725 1689 884 1730 superbiae
907 1689 981 1719 stri-

204 1749 252 1779 cte
271 1748 429 1787 sumptae,
444 1755 518 1786 quae
539 1747 586 1777 est
608 1754 699 1776 amor
721 1744 860 1785 propriae
882 1743 984 1774 excel-

204 1801 323 1832 lentiae.
341 1799 479 1838 Quartus
494 1802 563 1838 est,
583 1799 621 1830 de
636 1808 669 1830 se
682 1798 763 1829 velle
778 1806 879 1838 parva
895 1797 957 1828 dici
973 1808 980 1835 ;

207 1857 238 1886 et
251 1854 296 1885 sic
309 1853 483 1894 opponitur
498 1853 586 1884 inani
602 1852 726 1892 gloriae.

247 1908 349 1940 Habet
369 1907 474 1938 inanis
488 1907 591 1946 gloria
613 1906 692 1937 duas
708 1905 903 1937 differentias
917 1905 982 1936 for-

207 1962 326 2001 maleS,
341 1961 458 1993 scilicet
473 1960 649 2001 appetitum
663 1960 798 1997 favoris,
814 1961 844 1990 et
859 1958 982 1999 appeti-

206 2018 277 2048 tum
295 2015 409 2047 laudis.
432 2015 536 2047 Favor
559 2016 605 2045 est
633 2013 821 2045 excellentia
847 2013 985 2053 alicujus

208 2070 243 2101 in
266 2070 376 2107 corde,
399 2069 469 2100 laus
493 2068 528 2099 in
551 2077 617 2099 ore.
642 2067 719 2098 Tres
749 2068 859 2098 autem
887 2066 984 2097 habet

209 2122 403 2155 differentias
428 2121 607 2152 materiales
623 2144 632 2158 ,
658 2129 730 2160 quae
756 2121 924 2160 ponuntur
951 2120 985 2150 in

209 2176 370 2208 Hieremia
380 2199 387 2212 ‚
400 2175 455 2205 ubi
470 2174 561 2205 dicit¹
576 2185 582 2205 :
596 2174 667 2206 Non
679 2174 835 2213 qlorz'etur
852 2175 985 2213 sapiens

210 2231 246 2262 in
261 2229 425 2270 sapientia
440 2236 521 2266 sua,
537 2235 591 2258 nec
616 2228 711 2265 fortis
736 2228 771 2258 τη
795 2227 987 2266 fortitudine

209 2293 287 2322 sua,
303 2292 359 2315 nec
375 2282 466 2314 dives
482 2283 518 2314 in
533 2281 666 2313 divitiis
688 2281 757 2312 suis
772 2289 783 2311 .·
799 2280 854 2312 sed
874 2282 910 2312 in
930 2281 986 2313 hoc

208 2338 362 2379 qloriezur
373 2361 381 2376 ,
395 2337 454 2377 qui
467 2336 644 2376 moriatur,
659 2335 740 2367 scire
762 2338 790 2366 et
810 2342 899 2366 nosse
919 2343 966 2367 me
977 2359 985 2373 ,

209 2393 293 2424 dicit
312 2391 478 2423 Dominus.
500 2390 580 2421 Cum
602 2388 705 2429 gloria
730 2388 768 2419 sit
792 2388 986 2419 beatissimae

210 2445 373 2477 Trinitatis
396 2443 543 2485 propria.
563 2452 629 2474 non
653 2444 699 2473 est
724 2442 931 2482 gloriandum
953 2443 987 2474 in

210 2499 365 2539 sapientia
381 2522 390 2537 ,
416 2506 489 2538 quae
518 2497 706 2528 attribuitur
731 2496 809 2527 Filio
830 2507 837 2534 3
867 2506 925 2527 nec
953 2497 987 2528 in

210 2552 409 2589 fortitudine,
429 2560 502 2592 quae
528 2550 715 2582 attribuitur
741 2550 846 2588 Patri;
875 2560 932 2582 nec
953 2552 987 2582 in

211 2605 345 2644 divitiiS,
361 2607 427 2636 tam
446 2604 692 2646 temporalibus,
711 2613 809 2645 quam
834 2605 985 2645 spiritua-

212 2661 313 2698 libus,
331 2669 404 2700 quae
423 2660 644 2691 attribuuntur
661 2659 795 2700 Spiritui
812 2661 932 2690 sancto.

248 2722 254 2738 ¹
269 2722 371 2749 Ιενεηι.)
387 2726 422 2749 11,
439 2721 521 2744 ‘23-24.
538 2733 568 2738 -
587 2720 597 2736 ¹
615 2721 702 2751 Greg„
723 2719 824 2749 Moral.,
838 2719 879 2744 lib,
899 2720 988 2750 ΧΧΧΙ,

1749 215 1803 244 361

1067 284 1175 316 inanis
1189 283 1320 324 gloriae‚
1339 283 1518 314 secundum
1538 284 1668 315 beatum
1684 281 1807 322 Grego-

1025 338 1154 377 rium2,
1172 339 1294 378 septem
1317 338 1392 368 sunt
1414 336 1509 375 filiae,
1534 336 1652 367 scilicet
1669 347 1676 367 ι
1693 335 1806 367 inobe-

1026 392 1157 430 dientia,
1172 391 1338 431 jactantia,
1354 390 1531 431 hypocrisis
1540 415 1548 429 ,
1561 389 1804 429 incontinentia,

1027 446 1217 488 pertinacia,
1237 444 1412 482 discordia,
1430 444 1613 475 novitatum
1631 452 1809 484 praesuinp-

1027 501 1080 532 tio.
1098 498 1314 531 Inobedientia
1328 499 1375 529 est
1388 497 1537 529 voluntas
1552 497 1680 537 fugiens
1695 497 1801 528 mino-

1028 555 1186 586 rationem
1202 551 1383 594 potestatis,
1400 551 1512 583 nolens
1531 551 1698 591 subjacere
1713 560 1808 592 supe-

1028 608 1169 639 rioribus
1188 607 1222 637 in
1243 605 1367 637 debitis.
1390 605 1544 637 Jactantia
1566 607 1612 636 est
1636 605 1783 637 voluntas
1798 628 1806 643 ‚

1029 664 1157 703 propter
1181 662 1386 701 apparentem
1407 660 1596 700 potestatem
1621 659 1806 700 propriam,

1029 725 1063 746 se
1085 717 1256 746 ostentans.
1286 713 1472 754 Hypocrisis
1500 715 1547 744 est
1573 713 1724 745 voluntas
1754 721 1811 753 per

1029 770 1167 811 speciem
1192 768 1365 800 sanctitatis
1387 776 1420 798 se
1435 766 1592 798 simulans
1608 766 1760 797 fallaciter
1776 766 1811 796 in

1030 825 1155 864 aperto,
1173 824 1204 854 et
1216 822 1324 854 viliter
1342 830 1444 862 agens
1460 821 1494 852 in
1514 820 1654 859 occulto,
1676 820 1744 851 sive
1764 820 1812 850 in-

1030 878 1170 909 tentione
1182 902 1189 916 ,
1213 877 1281 908 sive
1300 884 1408 916 opere.
1430 874 1664 905 incontinentia
1685 875 1733 904 est
1752 882 1810 904 vo·

1031 932 1160 969 luntas,
1183 939 1241 971 per
1266 929 1552 961 conformationem
1575 927 1625 959 sui
1643 951 1650 965 ‚
1674 927 1714 958 ab
1736 927 1808 966 his,

1031 985 1087 1026 qui
1101 985 1179 1016 mali
1194 985 1285 1022 sunt,
1304 983 1430 1014 laudari
1450 985 1613 1023 appetens.
1634 981 1814 1013 Pertinacia

1032 1041 1079 1070 est
1097 1038 1247 1069 voluntas
1263 1037 1392 1077 fugiens
1407 1035 1655 1067 minorationem
1671 1035 1813 1074 probita-

1033 1093 1087 1131 tis,
1104 1093 1186 1123 dicta
1199 1092 1252 1123 vel
1266 1092 1348 1123 facta
1362 1100 1421 1122 sua
1436 1089 1814 1121 irrevocabiliter-defen-

1033 1147 1121 1178 dens.
1145 1145 1305 1178 Discordia
1325 1146 1372 1176 est
1390 1144 1541 1176 voluntas
1564 1143 1695 1182 fugiens
1710 1142 1814 1172 mino-

1033 1201 1191 1231 rationem
1213 1198 1401 1240 sapientiae,
1426 1198 1466 1228 ab
1490 1197 1559 1235 his,
1584 1205 1656 1236 quae
1680 1195 1721 1226 ab
1745 1195 1815 1225 aliis

1034 1257 1201 1294 dicuntur,
1220 1254 1419 1286 dissentiens.
1433 1253 1621 1285 Novitatum
1637 1260 1815 1292 praesump-

1035 1310 1078 1340 tio
1108 1312 1155 1341 est
1183 1309 1331 1341 voluntas
1364 1308 1520 1339 excedens
1548 1305 1735 1347 qualitatem
1764 1304 1815 1335 sui

1035 1364 1155 1395 ordinis
1175 1387 1185 1402 ,
1224 1365 1355 1404 propter
1392 1363 1598 1402 apparentem
1639 1359 1816 1390 novitatem

1036 1419 1177 1449 scientiae
1189 1443 1198 1457 ,
1213 1419 1265 1450 vel
1286 1417 1451 1458 sapientiae
1464 1441 1473 1454 ‚
1497 1415 1649 1446 ostentari
1671 1414 1814 1454 cupiens.

1037 1473 1176 1503 Isidorus
1191 1481 1268 1503 vero
1282 1497 1289 1511 ,
1309 1471 1511 1510 distinguens
1527 1470 1610 1500 inter
1632 1467 1816 1508 superbiam

1037 1528 1068 1556 et
1096 1526 1224 1556 inanem
1252 1525 1388 1565 gloriam
1408 1549 1416 1562 ‚
1444 1525 1574 1564 propter
1601 1521 1816 1553 differentiam

1037 1579 1183 1617 rationis,
1202 1579 1276 1610 dicit
1288 1580 1315 1615 ³,
1333 1578 1419 1619 quod
1438 1578 1476 1608 de
1497 1575 1647 1616 superbia
1661 1574 1811 1605 oriuntur

1038 1635 1257 1673 contemptus,
1274 1632 1410 1669 invidia,
1428 1629 1658 1666 inobedientia,
1671 1627 1816 1667 blasphe-

1039 1687 1117 1724 mia,
1134 1686 1367 1723 murmuratio,
1384 1684 1554 1722 detractio,
1575 1685 1606 1714 et
1625 1682 1720 1723 plura
1742 1680 1815 1711 alia.

1038 1741 1082 1772 De
1097 1741 1185 1772 inani
1203 1740 1307 1780 gloria
1325 1748 1403 1771 vero
1414 1763 1423 1777 ,
1441 1737 1618 1769 secundum
1643 1735 1793 1767 eumdem
1804 1757 1815 1772 ,

1038 1795 1190 1826 oriuntur
1211 1793 1446 1829 contentiones,
1466 1792 1622 1829 haereses,
1645 1788 1815 1830 jactantia,

1039 1851 1069 1880 et
1083 1848 1295 1888 praesumptio
1310 1847 1503 1878 novitatum.

1273 1954 1445 1990 SECTIO
1478 1953 1578 1987 XIX.

1347 2037 1385 2064 De
1397 2035 1515 2063 Invidia.

1081 2119 1232 2159 Sequitur
1258 2118 1366 2150 videre
1392 2117 1431 2148 de
1453 2116 1576 2147 invidia
1601 2116 1758 2155 quantum
1781 2112 1821 2143 ad

1040 2174 1183 2214 quinque
1195 2198 1202 2211 ‚
1221 2172 1338 2203 scilicet
1352 2173 1511 2211 quantum
1527 2170 1566 2200 ad
1583 2169 1743 2200 diversam
1760 2176 1818 2197 no-

1040 2227 1250 2257 minationem
1260 2250 1267 2264 ,
1282 2226 1442 2256 diversam
1460 2223 1686 2254 diffinitionem
1699 2245 1707 2260 ,
1724 2228 1821 2260 oppo-

1040 2281 1188 2311 sitionem
1198 2303 1207 2317 ,
1226 2279 1420 2310 differentias
1432 2303 1439 2316 ‚
1455 2280 1485 2308 et
1499 2277 1590 2308 filias.

1082 2333 1205 2364 Invidia
1232 2333 1347 2363 dicitur
1378 2331 1550 2371 aliquando
1581 2329 1711 2360 nomine
1740 2329 1798 2359 irae
1811 2353 1818 2366 ‚

1042 2390 1076 2418 ut
1084 2387 1198 2418 dicitur
1214 2387 1247 2417 in
1263 2387 1374 2418 Genesi
1384 2388 1394 2404 ¹·
1408 2396 1437 2416 z«
1451 2385 1552 2420 Quare
1568 2384 1719 2415 irasceris
1732 2383 1770 2422 (a)
1779 2383 1794 2412 ¹?
1803 2394 1816 2410 n

1042 2441 1150 2472 Glossa
1167 2450 1174 2471 ε
1196 2452 1209 2469 ι(
1224 2440 1256 2471 Id
1273 2442 1319 2470 est
1335 2439 1371 2479 (b)
1384 2464 1391 2477 ,
1416 2439 1516 2470 livore
1533 2437 1732 2477 torqueris».
1754 2427 1819 2466 Ali-

1041 2496 1169 2536 quando
1186 2495 1317 2526 nomine
1332 2493 1410 2531 odii,
1423 2495 1457 2523 ut
1468 2492 1605 2522 habetur
1620 2492 1654 2522 in
1668 2491 1779 2522 eodem
1789 2493 1798 2508 ⁵
1812 2500 1818 2520 :

1045 2550 1186 2582 Oderunt
1214 2556 1283 2580 eum
1315 2548 1432 2586 fratres
1449 2570 1458 2584 ,
1488 2546 1519 2577 id
1548 2547 1594 2577 est
1622 2544 1818 2576 invidebant.

1043 2644 1064 2660 c.
1090 2642 1172 2660 xxvu.
1197 2649 1228 2653 --
1250 2635 1259 2651 ³
1284 2634 1353 2664 isid„
1379 2634 1405 2657 in
1430 2634 1513 2663 Deut.,
1539 2639 1561 2656 c,
1588 2637 1640 2655 xv1.
1664 2643 1694 2648 —
1718 2630 1728 2646 Α
1749 2630 1818 2657 Gen..

1043 2677 1078 2701 iv,
1094 2673 1117 2696 6.
1132 2684 1160 2689 —-
1177 2671 1186 2688 ὅ
1202 2671 1273 2701 Gen.‚
1287 2675 1388 2699 xxxvn,
1403 2671 1425 2693 4.

1076 2720 1111 2751 (a)
1131 2720 1203 2750 Vulg.
1223 2721 1305 2743 iratus
1317 2726 1350 2742 eg.
1366 2732 1391 2735 -
1410 2717 1445 2748 (b)
1461 2717 1521 2742 Caet.
1537 2716 1597 2740 edit.
1614 2715 1694 2739 Gloss.
1712 2716 1721 2739 l
