2003 3037
124 538 224 560 Crimen.

159 1606 226 1631 impo-

143 1636 210 1656 tentia

124 1667 224 1687 coeundi.

125 1876 190 1897 Ordo.

152 2089 229 2109 Cultus

147 2119 224 2138 ΜΨ
244 2129 359 2159 dicitur
373 2127 560 2167 aliquando,
585 2127 662 2166 quia
681 2128 767 2157 caret
782 2126 858 2163 tide,
884 2136 947 2156 non
970 2130 1019 2156 ta—

246 194 306 226 ⁴³0

245 262 299 291 tur
321 259 442 290 ordinis
469 258 551 290 sacri
572 259 771 300 susceptione
784 283 793 297 ,
818 260 1023 300 professionis

245 312 431 351 emissione,
447 311 576 344 habitus
596 313 814 352 professorum
829 313 1021 354 assumptio-

244 375 301 404 ne,
318 375 393 398 cum
406 365 477 397 aliis
490 375 564 406 quae
579 366 751 398 ostendunt
763 367 931 398 hominem
948 375 1021 407 pro-

244 420 364 451 fessum
389 431 397 451 ι
430 420 562 460 impedit
591 421 844 452 contrahendum
862 445 870 459 ‚
900 420 1023 452 dirimit

241 473 311 512 jam
325 474 537 504 contractum.

285 525 374 557 Circa
387 526 506 557 crimen
522 527 614 564 nota,
633 526 720 566 quod
734 526 769 557 in
784 528 906 566 septem
922 535 1023 566 gene-

243 578 333 610 ribus
379 579 552 610 criminum
589 579 769 619 denegatur
810 579 1020 611 connubium.

243 631 392 663 Primum
408 635 456 664 est
478 632 673 664 adulterium
689 642 763 664 cum
777 632 934 664 occisione
949 643 1020 664 mu—

241 685 345 724 lieris,
361 695 417 717 seu
432 687 545 717 uxoris
557 709 566 725 ‚
584 688 616 717 et
632 686 670 726 (a)
686 686 890 718 fideidatione
908 687 947 718 de
962 686 1019 718 du-

240 739 341 770 cenda
354 748 457 770 uxore
471 739 616 770 adultera
627 763 637 778 ‚
648 739 778 780 propria
793 739 954 777 defuncta,
971 739 1022 771 vel

240 802 316 824 cum
335 793 549 824 contractione
575 793 614 824 de
637 793 744 831 fact0;
770 792 948 824 secundum
973 796 1023 824 est

241 847 379 877 incestus
389 856 397 885 ;
408 846 539 878 tertium
553 848 600 877 est
612 848 724 886 raptus
736 855 862 886 sponsae
873 846 1020 886 alterius3

240 902 394 940 quartum
408 902 457 931 est
469 899 508 931 de
521 908 575 937 eo,
592 899 649 940 qui
676 899 832 931 insidians
855 900 1019 932 matrimo—

241 953 309 991 nio,
339 953 442 984 tilium
464 962 561 984 suum
588 952 627 983 de
652 961 741 984 sacro
767 953 852 984 fonte
879 953 1019 991 levavit;

241 1007 392 1047 quintum
405 1009 452 1038 est
461 1006 499 1037 de
509 1015 547 1037 eo
558 1030 568 1045 ,
581 1006 638 1046 qui
647 1006 761 1037 occidit
776 1007 1019 1047 presbyterum3

241 1062 370 1091 sextum
383 1062 431 1091 est
445 1060 484 1091 de
501 1069 538 1091 eo
553 1060 610 1100 qui
626 1060 740 1090 occidit
755 1060 919 1100 propriam
934 1068 1021 1091 uxo-

240 1123 329 1152 rem,
354 1114 423 1145 sive
445 1113 665 1154 persequendo
689 1113 817 1153 culpam
847 1113 1019 1152 adulterii,

240 1168 308 1199 sive
338 1167 557 1208 persequendo
589 1175 757 1206 personam
784 1166 905 1198 ratione
931 1167 994 1198 odii
1011 1178 1019 1205 ;

241 1221 414 1261 septimum
434 1222 482 1251 est
505 1219 689 1250 solemniter
705 1214 874 1259 poenite'ns.
900 1220 936 1250 In
951 1229 1020 1251 om-

241 1274 335 1305 nihus
349 1274 416 1304 istis
432 1274 643 1313 dispensatur,
666 1276 884 1313 praeterquam
905 1273 938 1304 in
953 1274 1020 1314 pri-

242 1336 313 1365 mo,
329 1326 414 1366 quod
430 1326 558 1366 respicit
576 1325 820 1356 determinatam
836 1335 1015 1366 personam.

242 1379 323 1410 Nam
347 1379 540 1410 adulterium
561 1388 635 1410 cum
658 1379 854 1417 uxoricidio,
874 1380 926 1411 vel
947 1389 1021 1411 cum

241 1433 460 1470 fideidatione,
485 1433 535 1463 vel
556 1433 771 1463 contractione
787 1433 825 1463 de
840 1433 939 1471 facto,
971 1442 1021 1464 re-

243 1488 353 1526 spectu
377 1486 463 1517 illius
491 1494 636 1526 personae
670 1486 804 1525 impedit
829 1485 1019 1517 contrahen-

243 1540 320 1571 dum
332 1563 341 1578 ,
358 1542 389 1570 et
403 1539 523 1570 dirimit
534 1540 603 1579 Jam
619 1541 831 1570 contractum.

285 1593 362 1624 Item
378 1593 565 1633 impotentia
579 1592 734 1623 naturalis
750 1593 903 1630 coeundi,
929 1593 955 1623 si
975 1595 1021 1624 est

244 1647 446 1687 temporalis,
463 1656 527 1677 non
552 1646 694 1686 impedit.
718 1646 751 1676 Si
776 1648 823 1677 est-
845 1648 997 1686 perpetua
1011 1669 1019 1682 ,

245 1701 392 1741 impedit3
418 1702 449 1731 et
473 1699 614 1735 dirimit,
636 1699 661 1729 si
685 1699 833 1739 praecedit
855 1700 1019 1730 matrimo-

245 1754 347 1784 nium.
363 1754 395 1784 Si
409 1756 516 1784 autem
525 1755 676 1792 sequatur
692 1753 946 1791 matrimonium,
956 1762 1020 1784 non

242 1808 372 1839 dirimit.
390 1807 442 1838 Sic
455 1807 552 1838 etiam
567 1807 605 1837 de
620 1806 711 1837 sectis
726 1806 852 1837 dicitur.

283 1862 366 1893 Ordo
378 1870 466 1892 sacer
478 1860 596 1901 triplex
609 1860 742 1900 impedit
753 1860 1019 1898 contrahendum,

243 1917 273 1946 et
287 1915 409 1945 dirimit
420 1916 488 1954 Jam
503 1916 720 1951 contractum;
738 1913 878 1944 minores
894 1913 1021 1944 ordines

244 1970 356 1999 neutro
372 1968 481 2006 modo,
499 1968 523 1997 si
542 1967 679 1998 voluerit
693 1967 857 1997 ordinatus
870 1967 1018 1998 Ecclesiae

244 2022 414 2053 deservire.

286 2075 327 2106 De
343 2075 448 2106 cultus
470 2074 651 2113 disparitate
666 2075 755 2111 nota,
780 2073 866 2112 quod
883 2073 1020 2104 infidelis

246 2192 318 2213 men
329 2182 401 2212 tidei
419 2183 627 2217 sacramento,
640 2183 674 2210 ut
684 2179 834 2210 haeretica
843 2179 1018 2219 baptizata:

246 2236 316 2266 talis
341 2235 506 2274 disparitas
528 2233 659 2273 impedit
681 2233 957 2270 contrahendum,
989 2236 1020 2264 et

245 2299 308 2320 non
324 2289 444 2320 dirimit
454 2290 523 2328 jam
539 2290 747 2318 contractum.
764 2288 830 2317 Aut
847 2290 891 2317 est
909 2287 1020 2318 infide-

245 2343 283 2372 lis
296 2366 303 2379 ,
320 2352 431 2373 carens
448 2341 520 2372 fidei
536 2343 732 2371 sacramento
750 2351 756 2370 :
774 2343 805 2371 et
820 2340 891 2370 talis
912 2341 1018 2380 dispa-

246 2397 321 2426 ritas
345 2396 475 2435 impedit
489 2398 518 2425 et
539 2394 678 2431 dirimit,
701 2394 825 2424 etiamsi
847 2394 962 2424 mulier
979 2395 1019 2425 sit

248 2449 367 2486 fidelis,
385 2449 459 2488 quia
473 2450 558 2478 caret
581 2447 753 2487 baptismo,
775 2447 831 2487 qui
853 2449 901 2478 est
919 2448 1019 2486 janua

248 2505 533 2533 sacramentorum.

287 2555 376 2586 Circa
390 2555 473 2592 vim,
499 2554 567 2585 sive
585 2553 769 2585 violentiam
782 2578 790 2592 ‚
816 2556 908 2591 tene,
935 2554 1020 2593 quod

249 2608 370 2640 coactio
397 2610 498 2648 potest
516 2607 584 2637 fleri
608 2607 657 2643 vi,
686 2607 753 2637 sive
778 2609 878 2638 metu.
902 2606 955 2637 Vis
974 2609 1022 2638 est

281 2673 312 2701 (a)
330 2671 391 2695 Coet.
411 2670 473 2694 edit.
491 2669 596 2693 scilicet.

895 191 1202 231 CEN'I'ILOQUIUM.

1078 260 1210 301 majoris
1222 260 1270 292 rei
1283 260 1423 301 impetus
1431 283 1441 299 ,
1457 260 1514 301 qui
1527 259 1640 301 repelli
1650 269 1716 292 non
1729 262 1852 302 potest,

1079 315 1115 344 ut
1129 323 1202 345 cum
1218 314 1291 354 quis
1305 314 1439 354 capitur,
1456 314 1606 353 trahitur,
1622 314 1763 354 ligatur:
1779 314 1853 346 talis

1077 367 1127 398 vis
1136 367 1270 408 impedit
1275 367 1444 399 etdirimit.
1453 366 1555 398 Metus
1560 368 1608 398 est
1616 367 1852 408 instantisperi-

1077 420 1143 451 culi
1157 420 1335 460 trepidatio.
1351 420 1453 451 Metus
1466 422 1576 451 autem
1589 421 1637 451 est
1650 419 1782 460 duplex,
1797 421 1854 452 sci-

1078 473 1152 504 licet
1165 473 1257 511 levis,
1273 475 1305 505 et
1314 475 1432 514 Justus.
1444 472 1538 504 Levis
1552 475 1610 510 est,
1626 473 1759 513 quinon
1769 473 1853 505 cadit

1077 526 1111 558 in
1125 529 1323 559 constantem
1347 527 1454 559 virum
1464 551 1474 565 ,
1490 529 1528 558 ut
1542 526 1670 567 quando
1685 535 1785 567 parva
1807 527 1854 557 est

1077 582 1294 619 comminatio,
1311 582 1361 613 vel
1377 591 1433 622 per
1447 581 1612 613 hominem
1626 589 1727 621 parva
1742 582 1853 621 poten-

1078 636 1144 666 tem
1162 645 1169 666 :
1186 635 1305 666 coactio
1319 644 1376 676 per
1389 635 1478 666 hunc
1494 635 1637 671 modum,
1653 634 1721 665 sive
1737 635 1850 672 metus,

1078 697 1144 719 non
1158 688 1296 726 dirimit,
1312 697 1370 720 nec
1385 689 1528 729 impedit.
1545 688 1561 719 J
1565 690 1656 719 ustus
1670 690 1774 719 metus
1789 689 1851 726 est,

1078 741 1134 781 qui
1151 743 1253 781 potest
1275 742 1386 773 cadere
1399 742 1435 772 in
1458 744 1656 773 constantem
1671 741 1779 773 virum
1791 765 1800 779 ,
1817 742 1854 772 ut

1078 795 1206 835 quando
1221 795 1394 826 verisimile
1405 797 1454 826 est
1463 819 1472 834 ‚
1488 795 1574 836 quod
1588 795 1712 826 malum
1727 794 1851 832 inferet,

1077 848 1134 888 qui
1148 848 1291 879 minatur
1308 859 1315 879 :
1332 850 1362 879 et
1385 848 1456 879 talis
1470 848 1590 879 coactio
1614 848 1695 879 toltit
1717 857 1850 879 consen-

1077 911 1165 940 sum,
1191 904 1221 933 et
1245 902 1422 933 secundum
1437 903 1513 942 jura
1533 901 1666 941 impedit
1683 901 1850 932 matrimo-

1077 956 1168 986 nium
1178 979 1187 993 ,
1204 957 1238 986 et
1250 955 1373 987 dirimit
1382 956 1452 995 Jam
1468 956 1677 987 contractum.

1118 1008 1205 1040 Circa
1227 1009 1368 1048 ligamen
1386 1011 1476 1046 nota,
1498 1008 1582 1048 quod
1597 1009 1852 1048 quantumcum-

1076 1070 1139 1101 que
1154 1063 1209 1093 fiat
1223 1062 1398 1093 divortium
1423 1062 1504 1092 iuter
1528 1062 1680 1101 conjuges
1692 1085 1700 1098 ,
1723 1063 1852 1102 propter

1075 1115 1197 1146 crimen
1212 1115 1375 1152 adulterii,
1393 1117 1551 1154 quantum
1565 1115 1604 1145 ad
1616 1115 1748 1146 thorum
1760 1117 1791 1145 et
1798 1124 1850 1146 co-

1076 1168 1317 1204 habitationem,
1335 1170 1467 1198 manent
1481 1177 1626 1208 personae
1638 1169 1683 1198 sic
1697 1170 1852 1208 separatae

1075 1221 1236 1252 innubiles
1256 1230 1331 1251 curn
1347 1220 1418 1251 aliis
1435 1229 1442 1250 :
1459 1229 1533 1251 cum
1549 1221 1632 1251 inter
1647 1229 1722 1259 eos,
1748 1230 1850 1262 quan-

1076 1273 1131 1305 diu
1147 1273 1285 1304 vixerint
1305 1272 1400 1304 ambo
1412 1297 1420 1311 ,
1437 1275 1623 1313 permaneat
1637 1273 1854 1305 indissolubile

1077 1327 1244 1358 vinculum
1260 1329 1290 1358 et
1305 1327 1461 1366 ligamen.

1117 1380 1206 1411 Circa
1229 1380 1427 1411 honestatem
1449 1380 1585 1421 publicae
1607 1380 1741 1421 justitiae
1761 1382 1852 1419 nota,

1075 1433 1160 1473 quod
1186 1433 1240 1473 qui
1273 1433 1430 1464 contrahit
1455 1434 1614 1473 sponsalia
1647 1443 1721 1465 cum
1746 1433 1854 1473 aliqua
1904 1433 1909 1439 '

1077 1489 1149 1526 post
1170 1486 1390 1526 septennium,
1413 1489 1444 1517 et
1465 1487 1585 1518 decedit
1606 1489 1678 1517 ante
1700 1495 1854 1518 consum-

1076 1541 1200 1570 matum
1219 1539 1473 1576 matrimonium,
1492 1549 1532 1571 ex
1552 1540 1604 1570 tali
1624 1540 1786 1570 honestate
1802 1549 1852 1571 re-

1075 1593 1247 1624 trahuntur
1272 1593 1504 1632 consanguinei
1527 1593 1635 1633 sponsi
1667 1593 1805 1624 defuncti
1834 1603 1853 1624 a

1075 1647 1287 1678 contractione
1319 1647 1517 1678 matrimonii
1549 1656 1624 1678 cum
1655 1646 1764 1677 relicta
1791 1658 1797 1678 :
1822 1649 1853 1678 et

1075 1702 1145 1733 haec
1161 1702 1310 1732 honestas
1325 1701 1457 1741 impedit
1473 1700 1726 1732 contrahendum
1739 1725 1746 1738 ,
1764 1703 1795 1732 et
1807 1701 1851 1732 di-

1075 1756 1163 1786 rimit
1175 1757 1243 1795 jam
1259 1756 1467 1786 contractum.

1333 1863 1483 1898 SECTIO
1509 1863 1580 1897 LVI
1586 1889 1592 1896 .

1112 1950 1148 1976 De
1167 1948 1366 1984 impedimentis
1387 1950 1532 1983 affinitatis
1554 1951 1577 1975 et
1597 1949 1764 1982 cognationis
1786 1950 1815 1975 in

1225 1994 1351 2027 speciah}
1369 1995 1393 2019 et
1407 1994 1496 2027 primo
1512 1993 1544 2019 de
1557 1994 1695 2025 affinitate.

1115 2074 1158 2104 De
1183 2074 1308 2104 duobus
1334 2074 1586 2113 impedimentis,
1616 2083 1689 2113 quae
1713 2075 1849 2112 restant,

1074 2127 1250 2166 specialiter
1268 2128 1316 2156 est
1339 2126 1528 2163 videndum,
1551 2125 1668 2156 scilicet
1687 2126 1725 2157 de
1744 2126 1851 2156 attini-

1075 2182 1154 2218 tate,
1179 2182 1210 2210 et
1227 2179 1430 2218 cognatione.
1447 2178 1486 2210 Et
1500 2179 1604 2219 primo
1621 2179 1658 2209 de
1673 2179 1825 2210 affinitate
1841 2190 1849 2209 z

1075 2287 1194 2323 rentia;
1213 2285 1351 2316 secundo
1370 2285 1507 2315 notanda
1528 2288 1575 2315 est
1592 2285 1709 2324 triplex
1729 2284 1849 2315 notula.

1077 2340 1186 2371 Differt
1199 2348 1279 2378 ergo
1297 2339 1400 2378 primo
1415 2338 1496 2368 inter
1507 2347 1574 2368 esse
1587 2338 1726 2376 astinem,
1741 2340 1770 2368 et
1780 2346 1850 2368 con-

1075 2394 1292 2432 sanguineum
1306 2401 1314 2425 2
1331 2391 1592 2430 consanguinitas
1607 2391 1692 2422 enim
1707 2391 1795 2421 venit
1809 2400 1849 2421 ex

1075 2448 1179 2478 carnis
1190 2445 1417 2486 propagatione
1428 2455 1435 2481 ;
1448 2444 1586 2474 affinitas
1599 2447 1717 2481 autem,
1728 2453 1769 2474 ex
1783 2453 1849 2475 car-

1077 2501 1139 2531 nali
1153 2499 1390 2535 commixtione,
1409 2497 1637 2538 praesupposita
1652 2497 1847 2536 consangui-

1075 2554 1191 2591 nitate,
1216 2560 1289 2592 quae
1316 2551 1472 2582 diffinitur
1501 2550 1569 2580 sic:
1597 2561 1611 2578 «
1635 2550 1780 2580 Affinitas
1805 2552 1850 2580 est

1077 2606 1263 2646 proximitas
1290 2611 1499 2645 personarum
1528 2611 1568 2634 ex
1592 2603 1711 2634 carnali
1738 2602 1850 2643 copula

1078 2659 1276 2699 proveniens,
1293 2656 1380 2687 omni
1396 2664 1506 2686 carens
1520 2656 1697 2694 parentela;
1716 2667 1730 2684 n
1751 2664 1851 2695 quan·

1867 1015 1973 1042 Ligsmen

1894 1388 1974 1408 Hones-

1893 2082 1968 2102 Atini-

1866 2113 1929 2138 tntis,
1950 2115 1971 2133 et

1871 2150 1965 2163 0»Ὶῦἒέἱῦ-

1874 2174 1967 2200 guinim-

1867 2206 1901 2228 tis.
1912 2206 1972 2225 diffe-

1075 2234 1156 2264 cirea
1174 2243 1270 2273 quam
1286 2233 1391 2272 primo
1407 2235 1452 2263 est
1472 2233 1609 2263 notanda
1631 2232 1746 2272 triplex
1760 2232 1849 2262 ditl'e-
1884 2244 1909 2287 tra,
1928 2237 1961 2288 ιζ(

1894 2274 1925 2293 Hp
1950 2283 1953 2286 ,
1965 2281 1970 2286 .
