2003 3037
236 229 295 260 372
885 222 1198 263 CENTILOQUlUM.

121 299 217 334 sem-ile·
274 293 485 333 Sacrilegium
507 293 555 324 est
577 300 677 324 sacrae
703 292 750 324 rei
777 292 906 325 violatio
919 317 927 330 ,
958 293 1014 325 vel
1070 292 1196 331 ximus,
1211 293 1249 323 ut
1269 291 1345 322 sunt
1365 287 1522 321 scandala.
1546 286 1601 318 Est
1624 288 1732 319 autem
1755 296 1846 320 scan-

127 336 197 357 ⁸¹¹¹m‘
231 348 375 388 eiusdem
418 347 584 388 usurpatio
596 371 606 386 ,
643 346 736 388 quasi
777 347 1010 380 sacriloedium.
1069 346 1190 383 dalum,
1206 344 1326 376 dictum
1338 368 1346 383 ‚
1367 342 1419 375 vel
1437 342 1558 373 factum
1581 340 1690 373 minus
1709 342 1848 381 rectum,
1863 346 1968 398 wigii·

143 1221 221 1248 Tripli-

125 1253 177 1274 citer
191 1254 212 1274 in

136 1285 209 1311 proxi-

138 1323 199 1337 mum

130 1354 208 1375 pecca-

130 1386 188 1401 mus.

210 397 214 402 ’
233 400 448 432 Committitur
471 403 581 432 autem
604 400 811 441 sacrilegium
843 401 1013 441 aliquando

232 455 354 486 ratione
368 463 531 495 personae,
550 457 587 486 ut
603 464 676 486 cum
691 454 861 494 religiosus
883 456 933 485 ve.
948 455 1010 485 cle-

231 510 318 540 ricus
341 509 548 547 verberatum
573 509 766 550 quandoque
789 509 913 539 ratione
934 508 1010 547 loci,

232 566 269 594 ut
279 563 406 603 quando
418 562 559 594 ecelesiae
573 562 622 594 vel
637 562 810 594 coemeterii
824 562 1013 593 immunitas

232 616 389 655 violatum
405 616 597 657 quandoque
612 616 735 647 ratione
748 615 811 654 rei,
830 617 866 646 ut
884 615 1013 656 quando

232 678 284 701 res
307 679 414 709 sacra,
440 669 490 700 vel
515 678 605 700 sacro
623 669 698 700 usui
722 670 888 709 deputata,
913 677 1013 700 usur-

232 725 337 763 patur.
355 723 441 754 Circa
455 723 541 764 quod
561 724 609 753 est
631 722 896 762 distinguendum
911 746 918 760 ,
936 722 1014 762 quia

233 777 439 817 sacrilegium
455 777 683 815 committitur,
701 778 756 807 aut
770 776 943 807 auferendo
957 785 1011 806 sa-

233 840 324 863 crum
337 831 375 862 de
385 840 486 870 sacro,
501 833 557 862 aut
569 839 696 862 sacrum
711 830 750 861 de
762 839 829 861 non
842 839 943 868 sacro,
957 831 1013 860 aut

234 894 298 916 non
314 894 444 916 sacrum
460 884 499 916 de
513 893 615 916 sacro.

471 1013 620 1048 SECTIO
648 1013 772 1046 XXXI.

254 1118 292 1144 De
305 1117 419 1151 rapina,
436 1116 524 1149 furto,
539 1122 630 1147 usura,
647 1112 802 1144 homicidio,
818 1114 843 1139 et
856 1111 994 1139 scandalo.

277 1211 429 1253 Sequitur
444 1211 551 1242 videre
571 1210 609 1240 de
624 1209 758 1250 peccatis
776 1218 850 1249 quae
867 1209 1015 1239 commit-

235 1267 348 1296 tuntur
380 1265 413 1295 in
441 1264 646 1305 proximum,
677 1272 817 1303 quorum
849 1263 909 1293 tria
941 1264 1016 1292 sunt

237 1329 365 1360 genera.
383 1319 581 1357 Quibusdam
595 1318 683 1349 enim
706 1318 832 1348 laeditur
847 1317 1015 1357 proximus

236 1374 268 1405 in
286 1373 482 1414 possessione
495 1396 502 1410 ,
529 1381 602 1412 quae
622 1373 697 1401 sunt
720 1371 848 1410 rapina,
874 1371 1012 1408 furtum,

238 1436 347 1458 usura.
385 1425 506 1466 Rapina
535 1427 583 1455 est
620 1425 785 1455 manifesta
818 1427 849 1455 ot
877 1424 1015 1455 violenta

238 1481 348 1512 alienae
366 1480 409 1511 rei
428 1479 641 1510 contrectatio.
663 1478 797 1509 Furtum
815 1481 862 1509 ost
880 1479 1013 1516 occulta,

237 1538 268 1567 et
288 1535 457 1574 ignorant-e
477 1533 606 1563 domino
619 1557 626 1570 ,
649 1534 678 1562 ct
704 1532 819 1570 invito,
842 1532 953 1563 alienae
969 1532 1015 1562 rei

237 1588 450 1619 contrectatio.
466 1587 570 1617 Usura
584 1588 643 1623 ost,
666 1586 726 1616 sub
743 1586 845 1625 specie
866 1586 1014 1624 negotia-

237 1643 350 1681 tionis,
367 1641 496 1673 domino
517 1640 652 1677 sciente,
672 1638 784 1669 aliena=
811 1639 856 1669 rei
872 1641 1014 1669 contrec-

237 1696 324 1727 tatio.

278 1749 474 1786 Quibusdam
489 1748 583 1778 etiam
608 1746 734 1777 laerlitur
758 1746 789 1775 in
811 1755 961 1785 persona,
980 1748 1016 1776 ut

239 1804 270 1834 in
286 1803 469 1839 homicidio,
485 1804 515 1832 et
539 1801 570 1831 in
590 1800 683 1830 bello.
710 1799 763 1830 Est
785 1801 890 1829 autem
909 1799 1013 1829 homi-

237 1859 356 1889 cidium
388 1856 526 1887 hominis
554 1855 667 1885 occisio
696 1854 736 1883 ab
765 1852 894 1883 homine
923 1854 1013 1883 facta.

238 1911 360 1952 Duplex
384 1913 430 1941 est
445 1912 550 1940 autem
572 1907 801 1944 homicidium,
826 1906 942 1937 scilicet
957 1906 1017 1946 spi-

239 1966 368 2002 rituale,
400 1967 430 1995 et
458 1962 630 2003 corporale.
662 1960 833 2000 Spirituale
862 1962 924 1997 est,
952 1969 1015 1999 quo

238 2019 309 2059 quis
333 2018 485 2049 occiditur
513 2016 738 2056 spiritualiter·‚
766 2014 850 2053 quod
876 2014 909 2043 tit
939 2013 1015 2043 duo-

238 2074 297 2103 bus
320 2071 438 2109 modis,
469 2069 585 2100 scilicet
607 2080 613 2099 ι
641 2067 795 2104 odiendo,
827 2075 901 2096 nam
926 2067 932 2081 ¹
959 2067 1016 2105 qui

237 2125 306 2157 odic
332 2126 464 2163 fratrem
493 2131 606 2159 suum,
631 2120 795 2152 lannicida
818 2122 883 2158 εει,-
907 2121 937 2149 et
960 2119 1016 2149 de-

238 2178 402 2214 trahendo,
426 2177 541 2216 lingua
565 2175 651 2205 enim
677 2173 860 2204 detractoris
884 2174 931 2202 est
952 2172 1017 2211 gla-

238 2232 307 2261 dius
336 2233 460 2261 acutus.
497 2228 663 2268 Corporale
700 2236 776 2257 vero
804 2225 1014 2257 homicidium

237 2287 294 2322 vsi,
323 2294 386 2324 quo
415 2284 486 2323 quis
510 2281 715 2322 corpor-'iliter
737 2279 905 2316 occiditui·;
929 2279 1015 2318 quod

238 2339 332 2368 oliam
352 2340 387 2368 tit
407 2338 530 2368 duobus
553 2335 671 2372 modis,
695 2334 813 2363 scilicet
836 2333 965 2371 lingua,
985 2334 1013 2362 et

238 2402 332 2432 opere
349 2402 356 2422 t
374 2393 485 2431 lingua
501 2391 675 2431 tripliciter,
694 2389 809 2419 scilicet
827 2387 1013 2427 praecipion—

239 2447 295 2484 ilo,
314 2447 523 2483 consulundo,
549 2447 579 2475 et
600 2454 662 2474 non
682 2442 899 2478 defendvntl03
921 2450 1016 2480 opere

239 2501 496 2541 ⁴luadruplicitcr,
515 2500 631 2529 scilicet
642 2497 784 2538 justitia,
802 2505 888 2533 casn,
907 2504 1013 2524 neees-

239 2555 341 2591 sitate,
358 2557 385 2584 ct
402 2554 576 2584 voluntate.

280 2607 477 2645 Quibusdam
500 2616 575 2637 vero
601 2605 726 2636 laeditur
751 2603 783 2633 in
809 2604 913 2633 mente
941 2610 1016 2641 pro-

271 2690 278 2706 ¹
294 2691 299 2713 l
317 2691 398 2720 Jowz„
417 2694 457 2719 Ill,
476 2689 510 2712 15.
530 2700 555 2703 -
578 2688 587 2702 ‘³
604 2687 747 2710 §mevaniam
765 2698 793 2703 —
809 2683 819 2699 ³
834 2682 936 2711 Mullh„
951 2687 1015 2711 xvii,

242 2729 280 2751 20.
293 2739 317 2742 -
333 2726 342 2740 ⁸
353 2724 454 2751 Malth„
470 2730 512 2754 xv,
532 2724 566 2747 ili.

1070 399 1219 440 praehens
1241 398 1313 429 aliis
1341 396 1539 429 occasionem
1563 395 1678 426 ruinae.
1702 394 1850 427 Soanda—

1069 452 1124 486 lon
1137 456 1148 473 ²
1162 462 1279 493 graece,
1295 451 1392 483 latine
1406 451 1500 482 obex.
1519 449 1608 481 Sicut
1621 449 1662 480 ad
1677 449 1802 480 obicem
1817 449 1851 480 in

1054 502 1123 538 'via
1140 506 1278 547 positum
1294 505 1424 537 laeditur
1443 513 1499 545 pes
1518 503 1644 541 euntis;
1665 502 1711 533 sic
1728 502 1850 534 dictum

1069 560 1121 591 vel
1135 560 1255 591 factum
1270 559 1377 590 minus
1391 560 1515 590 rectum
1538 558 1586 588 est
1608 556 1692 588 obex
1714 549 1851 587 infirmis

1069 614 1104 645 in
1118 614 1171 645 via
1183 622 1322 645 morum.
1338 611 1530 644 Scandalum
1545 610 1717 651 aliquando
1731 609 1851 642 dicitur

1069 667 1166 706 obex,
1183 666 1302 698 scilicet
1317 666 1438 697 dictum
1457 665 1508 696 vel
1523 665 1641 696 sactum
1657 664 1765 695 minus
1779 672 1848 695 rec-

1068 723 1159 759 tum;
1177 720 1349 761 aliquando
1373 719 1490 751 dicitur
1510 719 1591 750 actio
1613 718 1680 749 sive
1702 718 1850 758 impactio

1070 775 1174 813 illius,
1205 774 1261 815 qui
1294 773 1504 812 scandalizat;
1535 761 1707 814 aliquando
1735 772 1850 803 dicitur

1070 838 1176 866 casus,
1210 830 1241 860 et
1271 828 1365 860 ruina
1392 827 1492 864 illius,
1520 826 1577 867 qui
1605 826 1846 857 scandalizatur.

1071 882 1161 914 Unde
1175 891 1309 914 versus:

1101 962 1246 988 scandalon
1259 963 1292 994 (α)
1305 961 1460 994 aequivocat,
1476 960 1552 991 obex,
1567 960 1699 992 impactio,
1710 966 1793 985 casus,

1110 1044 1165 1075 Est
1175 1045 1284 1074 autem
1298 1043 1417 1083 duplex
1435 1042 1613 1074 differentia
1627 1042 1766 1074 scandali
1782 1053 1788 1073 :
1803 1043 1851 1073 est

1070 1097 1156 1128 enim
1189 1097 1373 1128 scandalum
1405 1096 1545 1127 activum
1559 1120 1566 1133 ‚
1596 1098 1627 1127 et
1659 1096 1822 1136 passivum
1839 1104 1848 1126 τ

1070 1151 1222 1189 activum⁷
1237 1160 1301 1191 quo
1314 1150 1386 1191 quis
1398 1150 1452 1181 alii
1463 1150 1518 1181 dat
1532 1149 1731 1181 occasionem
1743 1148 1847 1180 ruinae

1070 1204 1262 1245 spiritualis;
1280 1204 1446 1245 passivum
1461 1207 1507 1235 est
1521 1204 1590 1244 ipsa
1606 1204 1703 1235 ruina
1716 1203 1796 1234 facta
1809 1203 1849 1234 ad

1071 1258 1192 1289 obicem
1211 1258 1286 1288 mali
1308 1257 1447 1298 exempli
1467 1257 1616 1294 alterius,
1637 1259 1674 1287 ut
1695 1265 1770 1288 cum
1786 1256 1850 1288 tor-

1071 1313 1195 1343 nicatur
1209 1312 1282 1352 quis
1303 1311 1450 1351 exemplo
1465 1311 1608 1341 alterins.
1626 1311 1671 1341 Ad
1687 1310 1850 1342 sciendum

1071 1369 1177 1397 autem
1194 1376 1266 1406 qnae
1282 1366 1346 1396 sint
1363 1365 1397 1405 (ὁρ
1416 1367 1544 1405 propter
1560 1364 1745 1396 scandalum
1761 1365 1852 1395 omit-

1071 1421 1180 1457 tenda,
1198 1420 1271 1450 duae
1295 1419 1417 1459 regula}
1437 1422 1511 1449 sunt
1531 1419 1678 1450 notandae
1698 1430 1704 1449 ε
1724 1428 1788 1449 una
1804 1420 1852 1449 est

1072 1472 1238 1510 Bernardi,
1255 1473 1317 1503 alia
1337 1472 1535 1512 Hieronymi.
1553 1471 1678 1511 Regula
1698 1471 1851 1502 Bernardi

1071 1530 1115 1557 est
1129 1527 1196 1558 haec
1210 1536 1216 1557 :
1232 1538 1246 1555 «
1259 1526 1431 1557 rece-amus
1441 1535 1480 1557 ex
1491 1525 1687 1562 infirmitate,
1701 1525 1851 1565 veligno-

1071 1581 1191 1619 rantia,
1217 1589 1257 1611 ex
1281 1582 1366 1610 certa
1393 1580 1489 1610 etiam
1514 1578 1675 1610 interdum
1699 1579 1819 1609 malitia
1840 1589 1846 1608 :

1071 1634 1250 1665 cavendum
1265 1636 1311 1664 est
1326 1643 1365 1664 ne
1381 1632 1458 1672 quid
1473 1632 1626 1663 faciamus
1636 1657 1643 1669 ,
1662 1632 1746 1672 quod
1761 1633 1802 1663 sit
1816 1632 1850 1663 in

1071 1687 1254 1718 scandalum
1269 1686 1418 1725 alicu-ius.
1431 1698 1445 1714 »
1466 1686 1508 1717 De
1525 1685 1640 1716 talibus
1655 1685 1730 1716 dicit
1743 1685 1852 1717 Domi-

1072 1751 1132 1771 nus
1168 1741 1260 1771 Petro
1288 1741 1298 1756 ³
1328 1751 1334 1770 z
1366 1740 1410 1771 Ne
1450 1742 1555 1771 autem
1591 1739 1850 1772 scandalizemus

1072 1803 1133 1832 eos,
1151 1798 1209 1826 etc.
1228 1795 1261 1825 ln
1275 1794 1368 1825 tertio
1379 1803 1456 1824 vero
1470 1803 1556 1831 casu,
1573 1802 1648 1824 cum
1664 1793 1850 1825 scandalum

1072 1849 1212 1888 procedit
1228 1858 1267 1879 cx
1283 1851 1367 1879 certa
1389 1847 1526 1885 malitia,
1545 1856 1609 1877 non
1624 1849 1790 1887 propterea
1804 1849 1852 1878 est

1071 1902 1283 1932 omittendum
1296 1911 1386 1941 opus,
1400 1901 1450 1932 vel
1464 1901 1504 1931 ab
1515 1910 1609 1940 opere
1620 1901 1847 1932 desistendum.

1074 1955 1160 1986 Unde
1184 1955 1257 1985 dicit
1284 1955 1438 1985 Dominus
1461 1954 1498 1985 de
1524 1953 1693 1985 Pharisaeis
1714 1955 1850 1985 scanda—

1070 2009 1172 2039 lizatis
1182 2018 1223 2039 ex
1234 2008 1357 2038 malitia
1368 2008 1377 2023 ³
1390 2018 1397 2038 ι
1412 2007 1515 2039 Sinite
1529 2014 1590 2044 eos,
1602 2009 1679 2039 coecz'
1687 2011 1773 2046 sunl,
1788 2010 1846 2038 etc.

1073 2061 1196 2100 Regula
1212 2061 1399 2100 Hieronymi
1419 2063 1465 2090 est
1488 2060 1557 2090 talis
1583 2071 1589 2090 z
1613 2061 1741 2091 «Omne
1764 2061 1849 2102 quod

1071 2117 1172 2155 potest
1186 2115 1266 2153 fieri,
1284 2114 1334 2145 vel
1353 2123 1417 2145 non
1432 2114 1517 2152 fieri,
1535 2114 1623 2144 salva
1637 2114 1751 2154 triplici
1766 2115 1850 2145 veri-

1072 2171 1150 2206 tate,
1167 2167 1379 2199 omittendum
1404 2169 1451 2197 est
1471 2170 1600 2207 propter
1623 2167 1845 2198 scandalum.»

1071 2221 1139 2253 Non
1155 2224 1201 2252 ost
1215 2224 1322 2252 autem
1337 2220 1511 2251 omittenda
1528 2221 1646 2251 veritas
1661 2221 1735 2252 vitae
1749 2245 1757 2260 ,
1772 2221 1849 2252 doc-

1071 2276 1163 2306 trinae
1174 2299 1183 2313 ,
1197 2274 1330 2315 Justitiae
1342 2297 1351 2311 ‚
1368 2276 1495 2313 propter
1515 2274 1700 2305 scandalum
1724 2274 1848 2305 evitan-

1071 2329 1159 2359 dum.
1176 2328 1297 2359 Veritas
1313 2327 1387 2357 vitae
1405 2327 1540 2366 pertinet
1557 2327 1595 2358 ad
1611 2336 1737 2366 omnes,
1760 2336 1847 2358 com·

1073 2382 1271 2422 prehendens
1284 2382 1453 2420 praecepta,
1470 2380 1639 2420 prohibita,
1660 2383 1691 2411 et
1705 2380 1846 2411 consilia.

1071 2435 1192 2465 Veritas
1207 2434 1360 2465 doctrinm
1377 2433 1512 2473 pertinet
1528 2434 1566 2464 ad
1582 2433 1804 2472 praedicatores
1819 2435 1849 2464 et

1073 2489 1254 2528 magistros.
1274 2486 1395 2518 Veritas
1409 2486 1542 2525 justitiae
1561 2486 1695 2525 pertinet
1709 2486 1746 2516 ad
1764 2495 1849 2526 prae-

1071 2542 1166 2580 laios,
1184 2540 1457 2581 comprehendens
1478 2539 1556 2569 duas
1576 2541 1680 2578 partes
1691 2539 1846 2578 justitiae,

1073 2598 1209 2635 seilicet,
1231 2596 1431 2627 severitatem
1455 2594 1487 2623 in
1511 2594 1673 2633 puniendo
1698 2594 1797 2626 malos
1818 2596 1850 2625 et

1072 2661 1160 2689 reoS,
1177 2653 1207 2680 et
1228 2649 1446 2680 liberalitatem
1471 2647 1503 2677 in
1526 2648 1712 2679 sustinendo
1728 2649 1846 2688 Justos.

1102 2714 1135 2745 (a)
1149 2713 1209 2738 Coee.
1223 2712 1283 2736 edit.
1299 2710 1461 2737 scandatum.
1477 2721 1506 2729 ·—
1523 2709 1554 2740 (b)
1572 2711 1633 2734 Item
1645 2712 1713 2735 sunt.
