2003 3037
55 2354 123 2377 Quare

53 2391 126 2410 pccca-

37 2447 143 2472 Spiritum

37 2481 131 2497 sanctum

686 217 737 250 DE
758 214 1019 249 CORRUPTELA
1040 214 1216 249 PECCATI.

143 290 220 323 hinc
233 290 282 321 est
292 288 379 330 quod
390 288 539 330 quaedam
551 295 647 329 poena
655 287 704 318 est
714 294 803 317 mere
815 293 921 325 poena,

143 344 295 386 quaedam
309 351 388 376 vero
406 344 454 374 est
476 350 572 383 poena
594 342 626 372 et
643 340 756 381 culpa:
779 339 857 380 quia
871 339 924 370 ho-

143 406 224 430 num
247 397 384 436 morale,
405 395 491 437 quod
512 396 559 427 est
571 393 713 436 Justitia,
734 402 800 424 non
815 392 925 424 adimi-

145 454 210 490 tur,
225 451 287 483 nisi
303 459 361 491 per
371 448 573 490 injustitiam,
590 455 664 488 quae
679 448 727 478 est
740 447 846 487 culpa.
859 446 926 478 Pri-

146 515 199 537 ma
215 505 318 545 igitur
328 512 423 544 poena
432 504 479 534 est
491 511 510 533 a
522 501 596 540 Deo,
609 503 640 532 et
649 500 825 532 secundum
841 500 925 540 quod

145 568 259 601 poena,
283 559 314 589 et
327 555 504 588 secundum
520 555 552 586 id
573 555 659 595 quod
673 557 735 593 est;
752 563 771 585 a
786 554 863 592 Deo,
879 554 927 585 in-

147 621 261 654 quam,
285 619 351 642 non
371 609 572 648 instituente,
591 608 643 640 sed
661 608 854 639 vindicante.
875 608 927 640 Se-

146 666 251 698 cunda
273 673 366 703 vero,
391 672 465 695 cum
492 663 532 693 sit
558 662 667 703 culpa,
693 662 871 694 secundum
895 662 926 693 id

145 720 231 762 quod
254 719 347 760 culpa
364 721 429 757 est,
448 727 467 749 a
490 717 554 749 Deo
576 726 640 748 non
656 718 718 755 est,
738 716 801 747 nisi
821 716 926 748 solnm

146 775 305 816 quantum
315 773 354 804 ad
365 772 527 809 ordinem3
542 771 611 811 ipsa
623 780 710 809 vcro,
722 771 771 802 vel
787 773 833 802 est
844 773 926 809 acta,

148 829 174 860 si
190 829 343 868 sequatur
364 826 404 858 ad
425 825 564 864 actuale,
581 825 631 856 vel
647 827 694 855 est
709 826 885 862 contracta,
902 824 928 855 si

148 884 302 923 sequatur
321 880 361 912 ad
380 879 549 920 originale.
566 878 599 910 Si
617 879 718 918 igitur
737 878 865 919 proprie
879 887 930 909 ac-

148 937 285 977 cipiatur
300 934 422 965 malum
437 933 614 964 secundum
630 932 716 973 quod
731 933 777 963 est
790 932 929 972 privatio

148 990 224 1022 boni
251 989 422 1027 naturalis,
447 990 478 1020 et
502 987 626 1018 affectio
646 986 877 1023 involuntaria,
899 989 930 1017 et

149 1043 272 1075 malum
286 1043 373 1084 quod
387 1042 538 1083 patimur,
553 1041 598 1072 sic
613 1049 678 1071 non
690 1040 839 1071 coincidit
853 1049 927 1071 cum

149 1098 234 1129 malo
252 1097 355 1137 culpae
376 1097 411 1127 in
431 1096 534 1134 idem,
556 1095 628 1125 licet
646 1094 686 1124 sit
708 1103 871 1124 annexum
887 1093 930 1124 ei-

149 1153 233 1184 dem.
257 1151 290 1183 Si
313 1160 392 1183 vero
416 1149 591 1190 accipiatur
613 1149 722 1189 large,
747 1150 784 1179 nt
808 1148 930 1179 dicatur

149 1206 268 1238 malum
290 1205 375 1246 quod
398 1205 555 1245 patimur,
583 1203 651 1234 sive
678 1213 696 1234 a
724 1203 833 1241 nobis,
861 1203 930 1234 sive

149 1259 293 1297 aliunde,
314 1259 382 1290 sive
404 1259 438 1289 in
456 1260 583 1296 natura,
605 1258 673 1288 sive
692 1257 726 1287 in
747 1247 928 1294 roluntate3

150 1313 195 1344 sic
210 1312 391 1344 coincidunt
404 1311 439 1342 in
453 1311 549 1349 idem,
567 1311 621 1341 sed
633 1319 698 1341 non
714 1310 753 1341 ad
768 1310 864 1348 idem,
880 1310 931 1341 vel

150 1366 328 1398 secundum
342 1366 447 1397 idem:
463 1365 540 1405 quia
554 1364 640 1405 quod
656 1366 703 1395 est
716 1364 749 1394 in
768 1373 801 1395 se
819 1364 929 1404 culpa,

151 1421 266 1453 dicitur
284 1421 432 1460 respectu
451 1419 659 1460 praecedentis
687 1418 791 1458 culpae
816 1427 929 1458 poena3

151 1474 203 1505 vel
217 1474 311 1514 culpa
325 1473 446 1504 ratione
461 1472 608 1510 actionis,
627 1481 721 1512 poena
733 1472 849 1503 dicitur
864 1481 932 1503 esse

152 1528 275 1560 ratione
286 1526 451 1568 passionis.
465 1526 503 1557 Et
517 1526 562 1557 sic
576 1528 662 1566 patet
676 1535 740 1566 quo
756 1527 860 1565 modo,
874 1535 932 1566 pro

151 1583 287 1622 quanto,
309 1583 340 1612 et
361 1589 460 1620 quare
481 1579 603 1619 aliquid
617 1579 713 1610 simul
728 1579 851 1610 dicatur
865 1589 932 1610 esse

152 1637 328 1676 peccatum,
345 1636 376 1666 et
388 1643 483 1674 poena
497 1633 626 1673 pcccati.

428 1747 571 1782 CAPUT
601 1748 658 1781 XI.

154 1835 190 1861 De
212 1835 315 1868 origine
333 1834 503 1868 peccatorum
522 1832 660 1866 finalium,
676 1839 733 1866 ‹111ae
747 1833 808 1858 sunt
821 1833 934 1866 peccata

379 1878 409 1904 in
424 1877 558 1912 Spiritum
573 1879 705 1904 sanctum.

194 1959 236 1990 De
250 1958 384 1999 peccatis
400 1959 508 1988 autem
530 1957 693 1995 finalibus,
713 1957 779 1987 sive
795 1957 935 1987 irremis-

153 2012 315 2050 sibilibus,
338 2011 520 2052 cuiusmodi
539 2013 615 2042 sunt
633 2009 763 2050 peccata
780 2010 814 2040 in
835 2009 935 2050 Spiri-

153 2070 223 2098 tum
238 2068 400 2104 sanctum,
415 2065 476 2096 hoc
491 2067 538 2096 est
550 2065 738 2103 tenendum,
760 2064 846 2104 quod
864 2065 935 2095 hcet

155 2131 249 2153 omne
265 2123 428 2161 peccatum
445 2120 638 2159 generaliter
653 2120 693 2150 sit
708 2122 818 2150 contra
835 2119 935 2150 Deum

155 2176 277 2207 trinum
290 2177 320 2205 et
337 2183 454 2211 unum,
475 2173 676 2213 appropriate
695 2175 803 2203 tamen
819 2174 937 2203 divitur

156 2228 285 2268 aliquod
300 2228 464 2267 peccatum
479 2235 546 2257 esse
560 2226 594 2256 in
608 2225 750 2263 Patrem,
765 2226 890 2265 aliquod
906 2227 939 2256 in

156 2282 290 2319 Filium,
313 2280 442 2320 aliquod
465 2279 499 2309 in
521 2279 678 2319 Spiritum
698 2281 856 2309 sanctum.
874 2279 940 2309 Hoc

156 2338 264 2367 autem
281 2335 447 2375 peccatum
464 2333 498 2363 in
516 2332 671 2372 Spiritum
693 2335 838 2362 sanctum
859 2332 938 2362 irre-

114 2416 134 2435 ὴ,
158 2388 311 2420 missibile
325 2387 442 2419 dicitur
456 2387 490 2417 in
505 2387 567 2417 hoc
579 2386 708 2424 saeeuio,
721 2389 751 2416 et
766 2386 799 2416 in
814 2386 937 2416 futuro:

158 2453 222 2474 non
237 2442 313 2483 quia
331 2442 365 2472 in
380 2441 442 2472 hoc
459 2440 578 2481 saeculo
597 2449 664 2471 nou
686 2439 787 2479 possit
807 2438 939 2476 dimitti,

1700 212 1758 242 281

983 283 1110 324 gratiae,
1127 283 1332 324 impugnatio
1346 281 1491 320 veritatis
1504 279 1639 321 agnitae,
1657 278 1764 319 despe-

981 338 1079 377 ratio,
1100 337 1326 378 praesumptio,
1345 335 1514 368 obstinatio
1530 334 1647 366 mentis
1661 334 1694 364 et
1706 332 1765 363 im-

982 392 1169 433 poenitentia
1182 391 1298 422 finalis.

1023 446 1113 477 Ratio
1136 448 1244 477 autem
1265 445 1306 477 ad
1328 445 1572 485 intelligentiam
1601 442 1766 485 praedicto-

983 509 1059 532 rum
1073 500 1144 531 haec
1163 502 1228 531 est:
1249 499 1328 540 quia
1341 508 1415 530 cum
1430 500 1596 539 peccatum
1614 497 1698 528 dicat
1712 504 1765 527 re-

983 563 1110 586 cessum
1121 563 1140 585 a
1151 553 1254 594 primo
1266 553 1433 594 principio,
1446 553 1529 584 trino
1540 554 1570 583 et
1580 560 1658 589 uno,
1670 558 1767 581 omne

984 662 1085 703 ipsam
1101 661 1243 693 animam
1258 660 1355 692 foedat
1371 661 1529 700 quantum
1549 658 1589 690 ad
1609 657 1768 698 triplicem

985 716 1178 756 potentiam,
1205 715 1323 746 scilicet
1345 713 1553 750 irascibilem,
1578 711 1767 743 rationalem

985 772 1015 800 et
1030 768 1308 809 concupiscibilem
1324 779 1330 798 :
1349 770 1380 798 et
1395 777 1414 797 a
1433 767 1534 798 libero
1549 765 1682 797 arbitrio
1697 774 1767 806 pro-

985 823 1082 860 cedit,
1111 823 1195 863 quod
1221 823 1305 862 gerit
1324 822 1358 853 in
1381 831 1414 852 se
1439 821 1569 860 insigne
1588 819 1765 857 Trinitatis,

986 877 1103 908 scilicet
1129 877 1246 915 Patris,
1266 876 1388 907 ratione
1411 874 1584 911 facultatis;
1611 872 1698 911 Filii,
1718 881 1768 903 ra-

985 931 1072 962 tione
1093 930 1246 968 rationis3
1271 929 1411 970 Spiritus
1433 928 1547 965 sancti,
1569 927 1692 957 ratione
1714 935 1767 957 vo-

985 984 1126 1016 luntatis.
1158 983 1244 1015 Licet
1268 986 1376 1014 autem
1398 983 1468 1013 haec
1490 981 1551 1012 tria
1575 981 1768 1011 concurrant

987 1038 1085 1069 simul
1106 1038 1145 1069 ad
1164 1047 1295 1069 omnem
1317 1037 1461 1077 culpam,
1487 1035 1637 1076 quaelibet
1659 1036 1768 1065 tamen

987 1093 1104 1124 harum
1114 1116 1124 1130 ,
1135 1102 1192 1133 per
1207 1101 1304 1123 suum
1314 1092 1485 1128 defectum,
1497 1092 1677 1130 potestesse
1686 1088 1767 1119 ratio

987 1146 1196 1178 deordinandi
1217 1145 1306 1176 alias.
1329 1144 1472 1175 Defectus
1493 1145 1601 1174 autem
1622 1142 1705 1173 circa
1724 1142 1769 1173 fa-

987 1201 1137 1232 cultatem
1152 1202 1200 1231 est
1214 1199 1417 1240 impotentia;
1438 1197 1521 1228 circa
1535 1196 1704 1234 rationem,
1721 1199 1769 1226 est

986 1254 1187 1294 ignorantia;
1214 1254 1297 1284 circa
1323 1252 1540 1289 voluntatem,
1563 1253 1611 1282 est
1633 1249 1765 1281 malitia.

987 1308 1026 1339 Et
1040 1308 1115 1339 hinc
1129 1310 1192 1346 est,
1210 1307 1296 1348 quod
1312 1315 1385 1337 cum
1401 1305 1550 1346 quaedam
1565 1305 1628 1335 sint
1641 1306 1768 1345 peccata

987 1372 1027 1394 ex
1042 1357 1241 1403 impotentia,
1257 1361 1405 1402 quaedam
1418 1369 1459 1391 ex
1474 1359 1670 1399 ignorantia,
1683 1368 1769 1399 quae-

987 1417 1059 1448 dam
1077 1426 1117 1447 cx
1128 1416 1264 1454 malitia3
1279 1417 1310 1446 ct
1319 1414 1460 1455 potentia
1471 1413 1655 1444 attribuitur
1668 1412 1765 1450 Patri,

987 1470 1143 1510 sapientia
1159 1469 1254 1507 Filio,
1271 1470 1302 1499 ct
1322 1468 1470 1499 voluntas
1490 1466 1623 1507 Spiritui
1639 1468 1767 1497 sancto:

988 1524 1073 1564 quod
1086 1523 1235 1564 quaedain
1250 1522 1400 1553 dicuntur
1410 1530 1478 1552 esse
1490 1522 1521 1551 in
1537 1520 1674 1556 Patrem,
1686 1529 1771 1560 quae-

988 1578 1062 1609 dam
1084 1578 1118 1608 in
1134 1577 1267 1614 Filium,
1290 1575 1437 1616 quaedam
1458 1575 1491 1604 in
1514 1574 1668 1614 Spiritum
1684 1583 1771 1604 sanc-

988 1634 1069 1663 tum.
1087 1631 1126 1662 Et
1141 1631 1292 1671 quoniam
1313 1629 1394 1660 nihil
1417 1628 1523 1668 magis
1540 1630 1587 1658 est
1603 1628 1635 1657 in
1654 1627 1772 1658 volun-

989 1688 1069 1724 tate,
1093 1695 1190 1725 quam
1215 1685 1284 1725 ipsa
1304 1684 1469 1720 voluntas;
1493 1684 1524 1713 et
1542 1681 1688 1713 voluntas
1704 1682 1773 1722 ipsa

989 1742 1036 1771 est
1049 1739 1141 1779 origo
1157 1738 1276 1779 peccati
1290 1749 1296 1769 ε
1315 1737 1442 1768 nullum
1454 1738 1620 1777 peccatum
1635 1738 1681 1766 est
1694 1735 1772 1766 adeo

990 1793 1225 1831 voluntarium,
1243 1794 1272 1823 et
1289 1801 1393 1829 mere,
1417 1791 1499 1821 sicut
1520 1792 1567 1820 est
1587 1789 1665 1820 iliud
1687 1789 1771 1828 quod

990 1848 1138 1888 provenit
1157 1856 1196 1877 ex
1215 1845 1420 1886 corruptione
1438 1845 1592 1875 existente
1611 1843 1644 1873 in
1662 1843 1772 1874 volan-

990 1904 1064 1933 tate.
1083 1902 1161 1933 Cum
1185 1900 1272 1932 enim
1297 1899 1465 1939 dupliciter
1483 1898 1605 1928 dicatur
1626 1896 1773 1927 involun-

991 1956 1122 1993 tarium,
1140 1954 1258 1985 scilicet
1275 1962 1331 1993 per
1346 1952 1547 1989 violentiam,
1564 1953 1594 1981 et
1609 1960 1664 1991 per
1680 1950 1774 1990 igno-

992 2009 1145 2046 rantian13
1172 2007 1314 2048 primum
1337 2015 1394 2046 per
1423 2005 1580 2036 defectum
1606 2005 1771 2044 potentiae,

993 2063 1169 2095 secundun]
1193 2071 1250 2102 per
1276 2061 1432 2092 defectum
1457 2059 1616 2089 scientiae:
1647 2057 1774 2098 qnando

994 2118 1143 2149 voluntas
1167 2116 1233 2148 sola
1257 2115 1463 2155 corruptione
1482 2122 1558 2151 sua,
1584 2112 1655 2142 licet
1679 2111 1775 2152 possit

995 2172 1153 2209 resistere,
1178 2173 1208 2201 et
1232 2170 1308 2200 sciat
1330 2169 1391 2199 hoc
1413 2167 1534 2198 malum
1550 2176 1632 2203 esse,
1655 2165 1775 2204 aliquid

995 2226 1094 2264 eligit,
1113 2227 1190 2255 tunc
1205 2223 1318 2254 dicitur
1334 2230 1463 2261 peccare
1477 2230 1517 2251 ex
1533 2222 1617 2250 certa
1633 2218 1772 2249 malitia:

995 2281 1026 2310 et
1041 2281 1206 2319 peccatum
1225 2277 1287 2307 tale
1303 2285 1389 2306 mere
1409 2274 1549 2315 procedit
1567 2283 1606 2303 ex
1623 2271 1776 2312 improbi-

995 2335 1058 2363 tate
1074 2331 1249 2362 voluntatis
1268 2330 1358 2360 liberi
1379 2328 1512 2359 arbitrii.
1535 2329 1566 2358 ct
1582 2326 1698 2357 directe
1713 2326 1774 2355 im-

996 2388 1119 2427 pugnat
1143 2385 1281 2425 gratiam
1302 2383 1440 2423 Spiritus
1463 2381 1580 2417 sancti,
1605 2389 1662 2419 per
1679 2389 1777 2420 quam

996 2441 1032 2471 sit
1052 2439 1196 2470 remissio
1220 2438 1348 2478 peccati.
1371 2436 1407 2467 Et
1432 2436 1507 2475 quia
1526 2443 1615 2465 mere
1637 2433 1778 2474 procedit

997 2504 1037 2525 ex
1049 2494 1193 2524 libertate
1209 2492 1342 2528 arbitrii,
1360 2491 1431 2521 ideo
1448 2498 1512 2519 non
1527 2489 1623 2519 habet
1639 2488 1777 2518 colorem

1794 447 1870 468 Pecca-

1781 481 1824 499 tum
1843 485 1887 499 om-

1781 517 1807 531 ne
1819 511 1889 531 deror·

1781 545 1824 563 mat
1841 543 1889 563 Tri-

1800 575 1871 595 uitatis

985 610 1152 649 peccatum
1171 607 1348 648 imaginem
1362 605 1524 637 Trinitatis
1545 605 1719 638 deformat,
1735 604 1768 633 et
1799 606 1871 659 iffigi-

1846 645 1858 658 1.

1790 1901 1890 1921 ΙιιωΙυιι-

1804 1934 1880 1955 tarium

1798 1966 1887 1994 duplici-

1790 2002 1823 2020 ter
1843 1999 1895 2019 diciv

45 2508 129 2542 iiii-nur
159 2497 212 2527 sed
227 2496 302 2536 quia
318 2503 392 2526 raro
407 2494 589 2532 dimittitur,
607 2496 663 2524 aut
678 2494 734 2524 vix
757 2494 789 2523 in
804 2493 865 2523 hoc
880 2501 938 2523 sa»-

55 2546 144 2595 §sissi'f
160 2550 241 2587 (iilo,
255 2551 411 2588 qnantum
427 2548 467 2578 ad
482 2547 624 2588 culpam;
644 2548 804 2578 modicum
819 2548 937 2583 autem,

39 2603 145 2659 εῗὲῐηιᾍὲιῑιῇ
160 2607 189 2635 et
214 2603 303 2643 quasi
328 2602 423 2638 nihil,
447 2602 501 2632 siet
523 2601 668 2632 remissio
694 2601 752 2631 sibi
775 2601 807 2630 in
832 2601 939 2631 futuro

39 2656 138 2699 dim-nln-
159 2660 315 2698 quantum
339 2655 378 2686 ad
402 2664 541 2695 poenam.
562 2655 665 2695 Hujus
690 2658 798 2686 autem
823 2655 939 2694 peccati

72 2699 113 2717 ''³⁴“
159 2721 215 2743 sex
229 2712 304 2742 sunt
312 2708 509 2747 differentiae,
523 2709 640 2740 scilicet
653 2709 773 2741 invidia
787 2709 935 2740 fraternae

998 2547 1226 2583 excusationi53
1240 2548 1270 2576 et
1281 2547 1446 2585 propterea
1460 2543 1632 2579 modicum,
1646 2544 1675 2572 et
1687 2541 1777 2581 quasi

998 2601 1096 2639 nihil,
1123 2601 1215 2630 (lebat.
1236 2599 1279 2637 ei,
1304 2599 1359 2638 qui
1382 2597 1524 2637 punitur,
1548 2596 1585 2626 de
1609 2605 1703 2636 poena
1726 2604 1776 2625 re-

998 2655 1111 2686 laxari.
1128 2654 1207 2691 Quia
1227 2661 1304 2683 vero
1323 2651 1438 2682 directe
1453 2651 1625 2690 impugnat
1641 2648 1778 2688 gratiam

1000 2709 1137 2749 Spiritus
1153 2706 1270 2743 sancti,
1292 2714 1347 2745 per
1367 2714 1466 2745 quam
1486 2705 1521 2735 fit
1541 2702 1684 2734 remissio
1706 2710 1778 2742 pec-
