2003 3037
81 295 118 317 Dei
126 295 186 316 boni-

79 328 111 348 tns
121 326 141 347 in
155 327 185 346 in-

84 357 178 379 fluendo.

784 218 830 251 DE
854 217 1065 250 CREATURA
1088 217 1226 249 MUNm.

199 290 247 322 Ad
262 290 493 322 insinuandum
512 298 589 322 vero
608 288 754 320 ordinem
773 286 925 319 bonitatis
942 286 974 316 in

198 344 379 383 influendo,
395 343 584 377 determinat
599 341 684 383 quod
698 342 768 373 haec
785 341 900 381 triplex
916 349 974 371 na-

197 399 272 429 tura
288 397 439 429 collocata
455 396 547 428 estin
563 395 685 427 mundo
705 395 881 426 secundum
897 393 972 432 sub,

197 451 354 490 medium,
369 451 406 490 ζεῖ
419 457 542 490 supra,
564 450 660 490 juxta
674 457 767 480 suam
783 448 974 488 dignitatem

197 506 228 534 et
249 503 460 535 influentiam.
488 502 527 534 Et
551 503 628 543 quia
650 502 849 533 luminosum
871 501 972 541 pluri-

196 566 288 589 mum
302 556 398 588 habet
414 556 452 587 de
467 556 570 596 specie
581 580 588 594 ,
606 556 675 587 ideo
692 556 750 586 sibi
766 556 900 586 debetur
916 551 974 585 cir-

195 609 420 648 cumferentia;
444 610 520 650 quia
538 618 614 640 vero
641 619 774 649 opacum
802 608 973 639 minimum

195 663 291 695 habet
305 663 343 695 de
358 663 479 704 specie,
495 663 566 695 ideo
582 664 641 695 sibi
657 663 790 695 debetur
812 666 970 694 centrum.

195 717 255 749 Sed
271 717 346 758 quia
364 719 480 748 natura
497 718 608 758 pervia
621 719 708 749 tenet
723 717 863 748 medium
877 742 883 754 ,
903 717 973 747 ideo

195 770 336 802 medium
351 771 461 802 sortita
479 773 527 802 est
552 772 661 803 situm.
688 771 726 802 Et
740 771 894 812 quoniam
910 780 972 801 na-

194 826 267 855 tura
280 825 421 865 corporis
435 825 537 865 pervii
557 828 588 856 et
612 825 768 865 perspicui
788 825 972 856 communis

193 880 241 908 est
254 880 379 909 naturae
402 878 521 909 coelesti
537 881 568 909 et
582 878 790 917 elementari,
814 881 845 909 et
860 888 972 909 rursus

193 931 354 962 luminosa
367 932 499 972 utrique
519 933 684 971 convenit3
709 933 779 963 ideo
796 936 879 963 recte
894 932 971 963 dici-

193 986 246 1016 tur
256 985 497 1016 firmamentum
509 985 628 1016 sactum
638 986 669 1016 in
678 985 782 1017 medio
794 995 970 1026 aquarum:

194 1047 259 1069 non
273 1039 350 1078 quia
363 1048 457 1078 aquae
473 1048 569 1079 super
583 1039 678 1070 coelos
693 1039 755 1070 sint
771 1048 864 1079 aquae
879 1040 974 1070 fluxi-

193 1091 270 1122 biles
276 1115 286 1130 ,
303 1091 447 1132 frigidae,
467 1102 584 1132 graves
606 1095 637 1123 et
652 1093 874 1132 corruptibiles
895 1104 902 1131 ·,
919 1093 973 1124 sed

193 1145 270 1186 quia
291 1146 437 1184 subtiles,
453 1148 484 1177 et
498 1147 773 1186 incorruptibiles,
792 1149 823 1177 et.
840 1147 971 1186 perviae,

193 1201 224 1230 et
236 1208 331 1240 super
346 1209 475 1230 omnem
497 1200 753 1231 contrarietatem
770 1201 951 1232 sublimatae
961 1225 970 1240 ,

192 1262 228 1283 ac
243 1262 299 1293 per
311 1253 371 1284 hoc
386 1253 520 1284 coelestis
532 1256 658 1285 naturae
669 1279 676 1292 ,
694 1256 724 1285 et
744 1254 777 1284 in
792 1254 973 1285 coelestibus

193 1306 383 1337 collocandae
400 1307 521 1338 ratione
537 1308 708 1338 nobilitatis
722 1308 834 1339 soranae
847 1333 854 1347 ,
876 1309 971 1339 collo-

193 1362 307 1390 cantur
323 1360 419 1391 etiam
436 1361 559 1391 ratione
574 1361 706 1392 virtutis
722 1364 753 1392 et
768 1362 956 1393 influentiae.

233 1413 312 1451 Quia
327 1414 413 1445 enim
427 1415 531 1445 omnis
541 1415 623 1445 aetio
638 1416 809 1455 corporalis
826 1416 859 1446 iu
874 1417 973 1447 rebus

192 1466 395 1498 inferioribus
410 1468 577 1507 regulam,
594 1469 757 1508 originem
778 1472 807 1500 et
823 1470 972 1509 vigorem

191 1521 288 1551 sumit
303 1530 321 1552 a
335 1523 451 1552 natura
465 1521 584 1552 coelesti
597 1547 603 1560 ,
628 1532 702 1553 cum
719 1523 790 1554 ‹iuae
814 1524 877 1554 sint
891 1534 970 1564 qua-

191 1573 295 1605 litates
310 1575 423 1606 activae
436 1599 445 1613 ,
463 1575 581 1606 scilicet
595 1576 734 1607 calidum
750 1579 780 1607 et
797 1577 950 1616 trigidum
961 1602 969 1616 ,

191 1630 222 1658 et
242 1628 369 1668 aliquod
392 1629 432 1659 sit
452 1629 570 1659 coelum
596 1630 812 1670 principaliter
831 1631 971 1662 influens

191 1681 224 1711 in
243 1681 382 1712 calidum
395 1706 402 1719 ,
420 1682 502 1712 sicut
520 1682 638 1713 coelum
665 1684 825 1714 sidereum
847 1685 969 1715 ratione

191 1735 433 1773 luminositatiS,
460 1745 644 1775 congruum
666 1736 725 1767 fuit
740 1737 826 1777 quod
842 1738 970 1778 aliquod

191 1788 340 1819 influeret
350 1798 446 1829 super
455 1789 621 1829 frigidum,
638 1791 724 1821 etsie
737 1792 969 1831 crystallinum.

190 1843 229 1874 Et
242 1844 324 1874 sicut
339 1844 456 1875 coelum
472 1844 643 1883 sidereum,
659 1845 730 1876 licet
744 1846 859 1878 influat
870 1848 909 1879 ad
923 1858 971 1879 ca-

189 1897 306 1936 lorem,
331 1900 518 1928 nontamen
538 1901 584 1929 cst
609 1899 784 1930 formaliter
808 1901 946 1932 calidum
960 1914 967 1941 ;

190 1952 234 1982 sic
246 1952 341 1983 etiam
358 1953 486 1991 coelum,
504 1953 589 1993 quod
602 1953 717 1984 dicitur
732 1964 884 1994 aqueum,
901 1957 969 1988 sive

190 2007 409 2046 crystallinum
421 2029 428 2046 ,
440 2016 504 2037 non
516 2009 562 2037 est
574 2008 784 2039 essentialiter
800 2009 967 2049 frigidum.

191 2058 298 2098 Unde,
317 2061 402 2100 quod
417 2061 516 2091 sancti
543 2061 654 2092 dicunt
670 2063 756 2101 quod
778 2073 870 2103 aquae
895 2068 970 2096 sunt

190 2113 233 2143 ibi
248 2114 429 2145 constitutae
446 2114 483 2144 ad
499 2114 743 2154 reprimendum
760 2116 897 2147 calorem
914 2128 967 2148 su-

191 2166 354 2205 periorum
369 2175 555 2206 corporum,
583 2170 613 2197 et
637 2173 751 2198 caetera
773 2170 965 2207 consimilia,

191 2228 254 2249 non
280 2219 456 2249 seeundum
485 2220 653 2250 formalem
680 2222 940 2260 praedicationem
960 2249 966 2261 ‚

190 2273 244 2303 sed
270 2273 447 2304 secuudum
472 2273 677 2304 efficientiam
708 2277 738 2305 et
764 2275 967 2307 influentiam

189 2329 263 2357 sunt
277 2326 496 2366 intelligenda.

230 2380 385 2420 Competit
406 2390 486 2420 ergo
511 2382 648 2412 conditio
673 2385 829 2414 creaturae
853 2393 966 2415 secun-

189 2434 267 2464 dum
281 2434 426 2465 ordinem
442 2436 648 2474 praedictum,
669 2439 700 2466 et
715 2437 817 2467 ordini
834 2439 965 2469 creatri-

190 2487 233 2517 cis
248 2487 410 2527 sapientiae
421 2512 428 2524 ,
445 2491 476 2519 et
495 2489 612 2520 divinae
628 2491 811 2529 scripturae,
831 2501 903 2531 quae
920 2496 967 2523 est

190 2540 319 2570 scientia
328 2541 484 2572 sublimis.
497 2541 628 2581 Rursus,
639 2544 714 2583 quia
723 2544 791 2584 ipsa
804 2547 849 2575 est
865 2547 968 2577 scien-

191 2593 234 2623 tia
252 2593 418 2631 salutaris,
437 2596 507 2626 ideo
530 2606 595 2626 non
611 2597 800 2628 determinat
817 2599 854 2629 de
872 2610 966 2640 opere

191 2646 397 2685 conditionis,
414 2649 474 2679 nisi
499 2652 627 2689 propter
641 2660 721 2690 opus
744 2653 964 2691 reparationis.

192 2698 229 2731 Et
244 2700 396 2740 quoniam
412 2702 515 2741 angeli
537 2702 581 2733 sic
603 2704 720 2734 conditi
745 2708 836 2743 sunt,
862 2708 897 2736 ut
918 2706 964 2738 la-

1755 223 1814 253 ⁶263

1033 284 1144 316 bentes
1151 285 1334 317 nullatenus
1344 289 1545 327 reparentur,
1560 287 1814 328 sicutapparebit

1032 339 1065 369 in
1080 339 1304 379 sequentibus,
1317 340 1387 371 ideo
1404 342 1524 372 tacetur
1539 342 1717 373 secundum
1732 341 1813 373 litte-

1032 402 1102 424 ram
1117 393 1308 424 exteriorem
1323 394 1515 433 angelorum
1534 395 1641 435 lapsus
1660 397 1692 426 et
1705 396 1812 427 condi-

1031 448 1095 486 tio,
1120 447 1197 487 quia
1217 456 1283 478 non
1308 447 1442 478 debebat
1463 448 1615 488 subsequi
1639 449 1808 489 reparatio.

1032 501 1112 539 Quia
1137 510 1214 532 vero
1243 500 1472 532 sublimitatem
1504 511 1602 533 sacrae
1635 502 1809 542 Scriptura}

1031 564 1097 586 non
1116 555 1247 586 decebat
1268 564 1399 594 prorsus
1418 555 1549 586 reticere
1570 556 1608 587 (le
1631 556 1812 587 conditione

1031 609 1270 640 sublimissimae
1282 610 1455 647 creaturae,
1469 609 1538 640 ideo
1548 609 1592 639 sic
1603 619 1691 640 sacra
1706 609 1812 650 Scrip-

1032 665 1104 694 tura
1117 662 1265 694 describit
1275 672 1385 694 rerum
1399 663 1606 703 conditiones,
1616 665 1712 703 juxta
1726 664 1812 704 quod

1031 717 1134 757 exigit
1149 716 1280 747 scientia
1303 717 1452 747 sublimis
1467 719 1498 747 et
1520 718 1688 757 salutaris,
1706 720 1743 748 ut
1763 721 1812 749 ta-

1030 779 1105 801 men
1131 770 1308 801 secundum
1334 770 1534 810 spiritualem
1564 771 1813 811 intelligentiam

1030 826 1096 856 tota
1110 825 1247 856 conditio
1262 824 1439 855 litteraliter
1454 825 1613 864 descripta
1633 825 1811 865 spirituali-

1029 880 1078 909 ter
1090 879 1247 909 referatur
1261 878 1300 908 ad
1316 878 1558 909 describendam
1574 878 1790 910 hierarchiam
1802 903 1811 919 ,

1030 937 1060 965 et
1083 934 1284 974 angelicam,
1312 936 1343 964 et
1365 934 1619 965 ecclesiasticam.
1646 935 1737 974 Ideo,
1763 945 1814 967 se-

1030 986 1172 1018 cundum
1198 985 1396 1026 spiritualem
1420 985 1634 1024 intellectum,
1661 987 1814 1018 describi-

1029 1041 1084 1070 tur
1107 1040 1141 1069 in
1162 1039 1224 1070 illis
1248 1039 1353 1070 tribus
1370 1040 1494 1070 naturis
1523 1040 1626 1080 primo
1650 1040 1814 1080 productis

1030 1092 1212 1123 hierarchia
1235 1092 1383 1132 angelica
1409 1093 1541 1124 nominc
1555 1094 1644 1131 eceli,
1662 1096 1693 1124 et
1712 1093 1811 1124 eccle-

1030 1145 1153 1176 siastica
1169 1146 1300 1177 nomine
1316 1149 1408 1178 lerroe
1421 1171 1428 1185 ,
1455 1148 1485 1177 et
1501 1147 1626 1186 gratia,
1644 1156 1700 1186 per
1715 1156 1812 1187 quam

1030 1200 1184 1239 irrigatur
1198 1202 1349 1240 utraque,
1361 1200 1489 1231 nomine
1505 1208 1606 1239 aquoe.
1620 1200 1741 1231 Rursus
1758 1209 1814 1240 per

1030 1254 1249 1293 septenarium
1265 1264 1440 1285 numerum
1456 1254 1581 1285 dicrum
1594 1279 1601 1293 ,
1621 1254 1814 1294 intelligitur

1030 1307 1224 1347 septiformis
1249 1307 1396 1339 Ecclesiae
1421 1310 1541 1345 status,
1563 1309 1739 1339 secundum
1759 1309 1813 1340 de-

1030 1369 1163 1391 cursum
1177 1363 1298 1401 septem
1315 1364 1458 1393 aetatum.
1475 1362 1534 1393 Per
1550 1362 1700 1393 eumdem
1714 1363 1809 1393 etiam

1029 1415 1245 1454 septenarium
1262 1415 1457 1455 intelligitur
1474 1416 1667 1456 septiformis
1683 1425 1811 1447 conver-

1029 1467 1076 1498 sio
1096 1469 1288 1507 angelorum
1311 1479 1330 1499 a
1349 1471 1494 1500 creatura
1519 1470 1557 1499 ad
1580 1469 1680 1500 Deum
1697 1480 1703 1500 :
1719 1472 1749 1499 et
1769 1470 1813 1501 sic

1030 1531 1071 1552 ex
1086 1522 1247 1562 praedictis
1264 1525 1396 1562 apparet
1413 1523 1604 1554 sufficientia
1616 1548 1623 1561 ,
1650 1526 1681 1554 et
1696 1524 1813 1554 veritas

1029 1575 1203 1616 Scripturae
1229 1577 1262 1606 in
1291 1577 1426 1608 diversis
1449 1578 1654 1617 opinionibus
1684 1579 1812 1608 sancto-

1028 1639 1102 1660 rum
1112 1654 1120 1668 ,
1139 1630 1257 1661 scilicet
1271 1631 1449 1671 Augustini
1465 1633 1497 1662 et
1510 1631 1647 1662 aliorum
1659 1655 1666 1668 ,
1684 1631 1739 1671 qui
1753 1631 1812 1662 sibi

1028 1692 1093 1713 non
1117 1684 1358 1723 contradicunt,
1382 1694 1455 1715 cum
1478 1694 1564 1716 verae
1586 1685 1661 1724 sint,
1683 1685 1710 1715 si
1725 1687 1809 1716 recte

1027 1736 1264 1777 intelligantur.

1304 1843 1449 1877 CAPUT
1474 1843 1530 1878 Vl.

1115 1928 1153 1954 De
1171 1928 1347 1962 productione
1365 1935 1542 1962 supernorum
1561 1929 1716 1962 spz'rt'tnum.

1067 2006 1302 2047 Consequenter
1318 2017 1394 2039 vero
1406 2008 1571 2047 agendum
1583 2011 1629 2039 est
1641 2009 1679 2039 ‹le
1694 2012 1810 2040 natura

1025 2061 1183 2101 spirituali
1203 2064 1233 2092 et
1254 2062 1458 2102 incorporea,
1480 2063 1663 2102 cujusmodi
1682 2065 1729 2093 est
1750 2072 1807 2094 an-

1025 2114 1143 2154 gelica3
1170 2115 1208 2145 de
1234 2125 1299 2156 qua
1324 2116 1516 2147 considerari
1538 2118 1677 2156 oportet,
1703 2126 1807 2156 quan-

1024 2171 1094 2199 tum
1109 2169 1147 2199 ad
1159 2169 1373 2200 conditionem
1389 2180 1606 2209 supernorum
1622 2171 1805 2210 spirituum,

1024 2224 1181 2260 quantum
1193 2223 1232 2253 ad
1245 2223 1374 2253 ruinam
1390 2224 1588 2261 drenionum,
1605 2226 1635 2254 et
1649 2229 1806 2263 quantum

1023 2275 1063 2306 ad
1091 2277 1367 2307 confirmationem
1404 2277 1563 2307 bonorum
1599 2278 1803 2316 augelorum.

1024 2329 1194 2360 Sciendum
1212 2334 1257 2361 est
1273 2332 1384 2371 igilur,
1403 2332 1488 2371 quod
1503 2332 1626 2370 angelis
1639 2342 1657 2362 a
1675 2332 1807 2371 primttn‘-

1023 2384 1074 2414 dio
1090 2394 1157 2415 sure
1175 2386 1363 2416 conditionis
1380 2388 1518 2426 quatuor
1540 2388 1611 2416 sunt
1633 2387 1803 2423 attributa,
1821 2413 1863 2426 5
1879 2415 1902 2427 „0

1023 2437 1141 2468 scilicet
1163 2438 1348 2479 simplicitas
1368 2440 1532 2477 essenti-<123
1556 2440 1731 2479 personalis
1747 2441 1805 2470 ‹lis-

1023 2491 1130 2527 cretio,
1149 2495 1277 2532 propter
1297 2493 1452 2523 rationem
1472 2493 1616 2531 insit-ann
1635 2494 1801 2531 memoria,

1023 2544 1234 2584 intelligentia
1249 2549 1279 2576 et
1296 2547 1462 2584 voluntas;
1483 2550 1514 2577 et.
1535 2547 1662 2577 libertas
1679 2548 1804 2577 albiti-ii

1023 2598 1062 2629 ad
1083 2598 1231 2638 eligenda
1256 2601 1337 2630 bona
1358 2603 1388 2631 et
1411 2601 1587 2640 respuenda
1611 2601 1703 2630 mala.
1730 2601 1803 2631 llaec

1023 2654 1129 2683 autem
1144 2657 1280 2693 quatuor
1290 2655 1443 2685 attributa
1456 2655 1640 2694 principalia
1654 2655 1713 2684 alii
1729 2664 1805 2694 qua-

1026 2709 1097 2737 tuor
1114 2708 1317 2746 comitantur,
1339 2709 1456 2739 scilicet
1476 2709 1658 2740 virtuositas
1676 2710 1708 2740 in
1728 2719 1805 2750 ope-

1836 389 1930 417 Angelo-

1830 428 1876 441 rum
1887 427 1938 442 coll-

1843 453 1896 472 «titio
1906 455 1928 473 εἰ

1845 483 1916 510 lapsus

1843 521 1881 534 cur
1891 521 1922 535 sc-

1837 546 1930 566 cilinium

1841 577 1925 597 illvruffl

1838 608 1929 629 exterio-

1839 646 1883 659 rum
1895 642 1924 659 ta-

1847 673 1916 691 cetur.

1821 2344 1928 2369 Augolisa

1822 2377 1926 2403 principio

1834 2440 1919 2459 ditionis

1826 2474 1916 2495 quatuor

1831 2504 1856 2520 all
1863 2502 1919 2521 ribu-
