2003 3037
38 1833 102 1854 Ratio

21 1865 103 1886 reti-ibn
109 1876 116 1880 ·

34 1895 102 1916 tionis

15 1927 104 1953 premio
109 1938 116 1943 -

25 1965 74 1980 rum
90 1959 112 1980 in

17 1990 108 2017 judicio.

35 2602 122 2628 Apertio

18 2632 122 2653 librorum

40 2669 104 2683 oons-

18 2693 108 2716 cientiae.

679 198 730 231 DE
751 197 881 231 STATU
903 197 1061 231 FINALIS
1083 197 1230 231 sumen.

146 268 300 300 bertatem
321 269 493 302 voluntatis
511 277 578 301 non
600 268 746 308 cogeret,
762 266 840 307 quin
862 273 920 307 pro

145 330 214 353 suae
228 322 268 362 (a)
283 322 374 354 libito
387 322 560 355 voluntatis
570 320 729 362 ‚iustitiam
740 319 921 359 relinquere

145 377 271 416 posset,
288 378 319 408 et
341 376 446 417 sequi,
463 384 540 407 cum
556 375 601 407 sic
621 383 690 413 res,
706 381 787 414 quas
808 372 920 404 condi-

144 428 208 467 dit,
224 429 438 468 administret,
455 430 492 461 ut
505 437 559 460 eas
581 436 679 468 agere
692 425 838 468 proprios
853 434 916 457 mo-

145 484 196 514 tus
209 483 304 514 sinat.
318 481 358 514 Et
369 482 446 523 quia
458 481 623 522 plenitudo
634 480 785 512 bonitatis
800 479 834 510 in
848 488 920 510 con-

144 536 336 568 summando
352 530 504 577 operatur
522 535 699 567 secundum
717 533 803 574 quod
818 533 920 573 exigit

143 589 276 621 altitudo
289 589 419 621 virtutis
428 612 438 628 ,
453 591 485 620 et
499 588 654 620 rectitudo
666 587 827 626 veritatis3
841 586 919 618 hinc

143 644 213 681 est,
240 643 326 683 quod
354 643 588 674 consummatio
615 641 823 674 beatitudinis
850 650 916 673 non

143 695 236 727 datur
249 705 268 728 a
282 696 421 728 bonitate
436 705 579 736 summa,
595 696 658 727 nisi
672 695 724 727 his
741 695 798 736 qui
813 703 918 726 serva·

142 750 260 781 verunt
276 749 437 790 ¹iustitiam
451 759 471 780 a
484 749 674 781 rectitudine
690 748 832 780 veritatis
855 748 918 779 im-

141 803 276 843 positam
293 815 301 842 ;
318 804 383 844 ,qui
407 805 615 844 susceperunt
634 802 834 843 disciplinam
846 826 855 840 ,
882 811 919 833 ac

141 858 331 888 amaverunt
344 857 433 888 illam
445 865 607 888 summam
623 858 655 887 et
669 857 859 896 perpetuam
876 855 918 887 fe-

141 908 292 940 licitatem
305 909 378 950 plus
388 934 396 949 ‚
414 919 512 950 quam
527 910 613 941 bona
626 909 820 940 transitoria.

182 962 220 994 Et
240 963 395 1003 quoniam
411 963 543 1004 quidam
563 963 626 994 hoc
647 965 768 1002 agunt,
785 962 918 1002 quidam

141 1017 250 1047 autem
262 1017 460 1057 oppositum,
471 1026 531 1057 pro
542 1025 677 1048 suarum
690 1016 844 1048 varietate
859 1025 918 1048 vo-

139 1068 317 1107 luntatum,
342 1079 415 1110 quae
439 1070 574 1102 interius
595 1069 813 1108 occultantur,
828 1072 859 1101 et
883 1069 917 1101 in

140 1125 225 1155 statu
238 1124 301 1155 viae
323 1124 501 1155 secundum
524 1133 621 1155 suum
646 1123 817 1155 arbitrium
840 1133 917 1155 cur-

141 1179 216 1209 runt
233 1186 241 1208 :
257 1178 332 1209 hinc
360 1180 424 1216 est,
452 1178 538 1218 quod
562 1178 602 1209 ad
629 1177 918 1209 manifestationem

140 1231 316 1263 altitudinis
331 1232 478 1271 virtutis,
493 1231 691 1263 rectitudinis
705 1232 849 1263 veritatis
860 1256 870 1270 ,
886 1235 918 1264 et

140 1285 348 1325 plenitudinis
370 1285 543 1324 bonitatis,
568 1294 695 1317 necesse
721 1287 766 1317 est
786 1287 917 1317 univer-

141 1339 205 1370 sale
216 1339 377 1378 Judicium
395 1339 504 1380 sequi,
527 1339 561 1370 in
577 1349 640 1380 quo
655 1340 735 1370 fiant
748 1340 846 1379 ¹iustae
863 1348 917 1370 re-

140 1392 331 1424 tributiones
351 1393 579 1433 praemiorum,
597 1395 716 1433 apertae
731 1393 915 1424 declaratio-

139 1454 195 1476 nes
221 1445 411 1477 meritorum
430 1469 438 1484 ,
466 1448 497 1477 et
529 1446 753 1478 irrevocabiles
782 1446 917 1478 tationes

140 1498 370 1529 sententiarum
392 1509 399 1530 ε
420 1500 457 1530 ut
479 1499 513 1530 in
531 1499 627 1540 justis
651 1499 917 1531 retributionibus

140 1551 396 1591 stipendiorum,
423 1561 561 1584 summae
588 1553 738 1586 bonitatis
765 1556 916 1594 appareat

139 1605 323 1645 plenitudo;
340 1605 374 1635 in
395 1606 512 1645 apertis
529 1606 794 1638 declarationibus
815 1608 915 1637 meri-

139 1662 245 1690 torum
260 1682 268 1696 ‚
295 1659 435 1690 veritatis
463 1662 614 1700 appareat
637 1660 813 1699 rectitud03
837 1661 915 1692 etin

139 1712 398 1744 irrevocabilibus
437 1713 609 1745 lationibus
649 1714 881 1746 sententiarum
905 1739 912 1753 ,

137 1775 274 1798 summae
288 1766 415 1798 virtutis
435 1769 466 1798 et
479 1767 643 1808 potestatis
663 1770 815 1808 appareat
839 1769 913 1800 alti-

136 1821 224 1852 tudo.
242 1820 388 1852 Primum
409 1821 510 1860 igitur
533 1821 687 1861 quoniam
708 1823 795 1862 Justa
819 1824 910 1854 retri-

136 1875 226 1906 butio
235 1875 363 1916 respicit
377 1875 515 1916 culpam,
529 1876 580 1907 cui
595 1876 728 1907 debetur
743 1885 850 1916 poena,
862 1877 911 1908 ve]

133 1928 311 1968 justitiam,
337 1929 388 1960 cui
411 1929 546 1960 debetur
568 1929 691 1969 gloria3
717 1932 747 1961 et
769 1931 912 1962 universi

136 1982 193 2012 filii
207 1981 284 2013 Adae
308 1981 427 2013 habent
443 1983 544 2022 hanc,
560 1983 614 2014 vel
629 1983 716 2014 illam
729 1995 736 2022 ;
754 1984 830 2015 hinc
845 1987 911 2022 est,

137 2035 223 2075 quod
237 2043 366 2066 necesse
381 2037 428 2066 est
436 2035 556 2075 judicio
568 2036 790 2067 retributionis
801 2047 912 2069 omnes

133 2088 290 2127 judicari,
315 2090 351 2119 ut
379 2088 455 2119 boni
485 2089 707 2127 glorificentur
724 2115 732 2129 ,
764 2093 795 2121 et
822 2091 912 2131 impii

137 2141 399 2172 condemnentur.
424 2141 563 2180 Rursus,
583 2143 659 2183 quia
681 2146 789 2183 aperta
810 2144 912 2175 decla-

135 2195 216 2225 ratio
236 2195 426 2226 meritorum
441 2196 590 2235 requirit,
606 2198 690 2236 quod
707 2198 803 2229 simul
816 2207 912 2238 appa-

135 2248 204 2277 reat
218 2247 295 2286 quid
309 2247 473 2286 agendum
489 2249 549 2285 est,
575 2250 606 2278 et
623 2248 701 2288 quid
721 2250 826 2279 actum
842 2252 889 2280 est
900 2273 909 2287 ,

135 2300 187 2331 vel
205 2300 362 2331 omissum
387 2309 405 2331 a
426 2300 571 2332 libertate
597 2301 770 2333 voluntatis
795 2303 911 2334 huma-

135 2362 202 2391 nae,
234 2353 411 2384 secundum
440 2354 626 2385 varietatem
655 2355 909 2388 circumstantia-

135 2415 209 2436 rum
226 2416 233 2437 :
252 2406 327 2437 hinc
342 2410 389 2437 est
403 2407 489 2447 quod
503 2409 534 2437 et
555 2407 629 2438 libri
643 2409 910 2441 conscientiarum

136 2459 318 2498 aperientur
333 2484 341 2498 ‚
364 2461 399 2490 ut
421 2462 595 2500 appareant
619 2462 731 2492 merita
744 2473 751 2499 ;
776 2465 807 2493 et
831 2463 912 2494 liber

139 2512 231 2549 vitae,
247 2514 284 2543 ut
303 2515 453 2553 appareat
476 2514 544 2554 ipsa
564 2515 705 2553 justitia,
733 2516 908 2547 secundun]

138 2573 234 2604 quam
263 2566 466 2605 approbanda
487 2591 495 2604 ‚
529 2567 580 2598 vel
613 2568 810 2608 reprobanda
837 2572 912 2600 sunt

140 2618 251 2649 merita
274 2618 336 2648 illa.
361 2619 401 2650 Et
423 2620 576 2660 quoniam
591 2621 643 2652 ille
666 2621 746 2652 liber
767 2623 840 2653 vitae
866 2626 911 2654 cst

138 2672 217 2703 liber
241 2672 274 2702 in
297 2681 361 2712 quo
385 2673 500 2713 scripta
523 2676 598 2705 sunt
626 2676 734 2706 omnia
762 2676 857 2707 simul
881 2680 911 2707 ct

1695 199 1750 231 331

977 265 1172 298 lucidissime
1186 290 1197 305 ,
1222 267 1254 298 et
1280 265 1324 303 in¹
1341 266 1541 298 conscientiis
1569 265 1754 298 scribuntur

977 319 1131 351 veraciter
1147 330 1154 351 z
1172 319 1243 351 ideo
1258 327 1299 351 ex
1318 327 1478 350 concursu
1499 319 1672 360 apertionis
1693 319 1751 352 ho-

977 381 1050 404 rum
1062 373 1220 405 librorum
1231 373 1285 404 fiet
1300 373 1411 413 aperta
1423 371 1592 404 declaratio
1607 373 1753 405 omnium

978 426 1166 458 meritorum
1179 437 1186 465 ;
1201 427 1244 457 ita
1264 425 1349 466 quod
1373 425 1498 457 occulta
1517 425 1621 457 cordis
1642 427 1751 467 cujus-

975 480 1068 519 libet,
1089 482 1121 511 et
1134 479 1212 518 sibi,
1227 481 1259 511 et
1272 478 1397 510 caeteris
1411 479 1623 510 innotescant.
1641 479 1730 512 Unde
1743 505 1750 519 ,

976 535 1012 565 ut
1034 533 1103 565 vult
1122 533 1325 573 Augustinus
1341 533 1362 571 ¹,
1378 531 1458 563 liber
1471 531 1525 563 ille
1548 533 1595 563 est
1616 532 1666 564 vis
1689 541 1753 573 qua

976 586 1046 625 fiet,
1068 587 1102 617 ut
1117 586 1156 618 ad
1172 586 1361 617 memoriam
1378 585 1547 626 cujuslibet
1560 587 1674 617 cuncta
1690 587 1752 618 mi-

975 640 1118 672 rabiliter
1147 642 1338 672 revocentur
1357 664 1366 679 ,
1400 642 1435 671 ut
1464 639 1568 672 lucide
1602 642 1753 681 appareat

975 695 1108 735 aequitas
1124 694 1310 726 divinorum
1321 693 1520 734 judiciorum
1541 693 1575 724 in
1589 695 1753 734 apertissi-

976 757 1028 780 mo
1049 748 1172 780 lumine
1194 748 1348 780 veritatis.
1369 748 1549 786 Postremo,
1572 747 1649 789 quia
1671 748 1750 779 irre-

976 802 1126 834 vocabilis
1149 802 1224 833 latio
1250 802 1481 833 sententiarum
1507 801 1600 833 debet
1622 801 1692 833 fieri
1711 801 1751 833 ab

976 865 1013 887 eo
1027 856 1083 896 qui
1099 856 1198 896 possit
1213 855 1316 887 audiri
1336 857 1367 886 et
1385 855 1506 894 videri,
1524 858 1555 887 et
1569 864 1588 886 a
1601 864 1667 896 quo
1686 864 1752 887 non

975 910 1072 951 possit
1087 910 1258 950 appellari;
1275 912 1306 941 et
1321 909 1423 941 videri
1445 910 1484 941 ab
1508 910 1668 941 universis
1687 919 1752 941 non

975 966 1076 1004 potest
1099 972 1226 995 summa
1249 963 1306 994 lux
1323 988 1330 1002 ‚
1356 972 1454 1004 quam
1479 963 1639 995 tenebrosi
1667 964 1751 995 ocuti

975 1017 1083 1049 videre
1106 1026 1171 1048 non
1194 1019 1346 1057 possunt,
1369 1025 1428 1057 pro
1448 1025 1486 1048 eo
1506 1017 1592 1058 quod
1612 1018 1692 1048 facie
1711 1018 1751 1049 ad

974 1071 1087 1102 faciem
1112 1070 1213 1102 videri
1237 1079 1304 1102 non
1327 1072 1430 1111 potest
1451 1071 1519 1102 sine
1541 1071 1751 1103 deiformitate

975 1125 1090 1156 mentis
1114 1126 1144 1156 et
1164 1124 1369 1165 J'ucunditate
1394 1124 1497 1155 cordis
1519 1135 1527 1155 :
1554 1133 1683 1156 necesse
1706 1127 1753 1156 est

974 1178 1061 1219 quod
1080 1178 1183 1219 judex
1206 1179 1356 1219 appareat
1381 1178 1416 1209 in
1447 1178 1554 1218 effigie
1586 1181 1750 1210 creaturae.

974 1232 1057 1269 Quia
1077 1241 1155 1263 vero
1175 1241 1257 1273 pura
1277 1233 1423 1263 creatura
1447 1232 1668 1264 auctoritatem
1688 1242 1753 1264 non

973 1286 1069 1318 habet
1082 1275 1261 1326 summam,
1278 1295 1297 1317 a
1311 1296 1376 1327 qua
1390 1286 1543 1326 appellari
1561 1295 1626 1317 non
1641 1287 1749 1327 possit,

973 1339 1049 1371 hinc
1062 1342 1186 1380 oportet
1200 1339 1287 1380 quod
1304 1340 1408 1379 judex
1427 1341 1534 1371 noster
1549 1342 1579 1370 et
1594 1340 1677 1371 Deus
1692 1341 1750 1379 sit,

973 1395 1008 1424 ut
1033 1393 1156 1433 judicet
1182 1402 1239 1433 per
1265 1393 1485 1425 auctoritatem
1513 1402 1695 1432 summam,
1721 1396 1752 1425 et

971 1447 1070 1479 homo
1097 1448 1157 1486 sit,
1187 1450 1223 1479 ut
1251 1447 1416 1486 videatur,
1443 1449 1473 1478 et
1499 1447 1650 1488 disceptet
1675 1457 1751 1479 cum

972 1501 1190 1540 peccatoribus
1205 1501 1237 1531 111
1255 1501 1363 1540 effigie
1375 1501 1530 1532 humana.
1543 1501 1581 1532 Et
1595 1501 1670 1541 quia
1685 1511 1750 1532 una

971 1563 1036 1585 vox
1059 1554 1293 1595 disceptationis
1315 1557 1413 1586 terret
1436 1555 1628 1595 culpabile5‚
1650 1557 1681 1586 et
1703 1564 1750 1586 as-

971 1611 1096 1638 securat
1124 1608 1332 1647 innocentes;
1365 1609 1441 1640 hinc
1466 1611 1542 1648 est,
1570 1609 1655 1650 quod
1683 1619 1749 1640 una

971 1661 1115 1701 ejusdem
1130 1662 1253 1701 effigies
1266 1663 1370 1702 justos
1384 1662 1559 1694 laetificabit
1571 1687 1579 1700 ,
1595 1664 1627 1694 et
1641 1672 1658 1694 e
1672 1671 1747 1694 con-

971 1714 1067 1745 trario
1081 1715 1196 1755 impios
1213 1716 1394 1746 deterrebit.

1255 1830 1397 1863 CAPUT
1422 1831 1462 1863 II.

995 1914 1032 1939 De
1051 1913 1266 1940 antecedentibus
1287 1913 1323 1939 ad
1338 1913 1490 1948 judicium,
1514 1914 1666 1948 cujusmodi
1685 1917 1723 1941 est

1220 1966 1302 1992 poma
1321 1959 1492 1993 purgatoria.

1009 2038 1125 2069 Deinde
1159 2039 1192 2069 in
1223 2039 1351 2079 speciali
1384 2039 1467 2070 circa
1500 2041 1616 2070 statum
1643 2040 1746 2071 finalis

964 2091 1077 2131 J'udicii
1101 2092 1331 2123 consideranda
1357 2094 1433 2123 suut
1463 2092 1633 2133 quaedam,
1665 2093 1746 2123 sicut

967 2144 1183 2184 [Jraeambula3
1200 2145 1349 2185 quaedam
1359 2169 1368 2183 ‚
1386 2146 1468 2176 sicut
1483 2146 1743 2183 concomitantia·,

967 2200 995 2228 et
1010 2198 1174 2237 quaedam,
1191 2198 1271 2229 sicut
1288 2198 1527 2238 consequentia.
1542 2197 1745 2229 Praeambula

967 2253 1074 2281 autem
1090 2253 1165 2281 sunt
1180 2251 1258 2289 duo,
1281 2251 1399 2282 scilicet
1422 2260 1517 2290 poena
1539 2252 1742 2291 purgatorii,

967 2307 997 2335 et
1021 2305 1177 2343 suffragia
1204 2305 1422 2336 ecclesiastica.
1449 2304 1556 2336 Primo
1580 2305 1680 2344 igitur
1706 2305 1744 2336 de

966 2367 1059 2398 pcena
1083 2358 1263 2398 purgatorii
1287 2358 1348 2389 hoc
1373 2358 1547 2389 tenendum
1570 2360 1632 2397 est,
1659 2358 1744 2399 quod

966 2412 1054 2451 ignis
1068 2412 1276 2451 purgatorius
1292 2413 1338 2442 est
1362 2411 1449 2451 ignis
1468 2412 1642 2452 corporalis
1655 2436 1662 2450 ‚
1679 2422 1744 2452 quo

966 2467 1090 2495 tantum
1115 2465 1245 2504 spiritus
1263 2465 1442 2504 justorum,
1465 2466 1521 2505 qui
1544 2465 1577 2496 in
1598 2465 1657 2496 hac
1679 2466 1744 2496 vita

966 2528 1028 2548 non
1058 2518 1274 2558 impleverunt
1298 2518 1516 2557 poenitentiam
1546 2520 1577 2548 et
1600 2519 1743 2548 sanstae-

967 2572 1086 2602 tionem
1108 2572 1301 2611 condignam
1318 2595 1327 2609 ,
1353 2572 1543 2611 affliguntur
1568 2573 1741 2603 secundun]

967 2625 1039 2664 plus
1062 2627 1093 2655 et
1121 2625 1246 2662 minus,
1275 2625 1449 2656 secundum
1478 2626 1561 2665 quod
1593 2626 1662 2665 plus
1693 2625 1741 2655 vel

1001 2689 1003 2700 ¹
1019 2688 1094 2717 Aug„
1107 2687 1136 2710 dc
1148 2687 1217 2711 civit.
1234 2687 1294 2716 Det,
1310 2687 1351 2711 lib.
1366 2689 1419 2717 XX,
1434 2695 1454 2712 r.
1473 2694 1527 2712 xlx.
1541 2702 1564 2705 —
1584 2689 1616 2718 (ιι,
1633 2687 1671 2712 Al.
1687 2694 1742 2711 suo.

1791 761 1852 781 Latio

1777 793 1864 813 senten·

1768 822 1803 843 tiae
1817 823 1872 846 irre-

1768 855 1874 876 vocabilis

1779 2320 1844 2339 Sum-

1778 2350 1847 2369 maria

1763 2380 1862 2400 doctrina

1759 2413 1785 2434 de
1800 2424 1803 2427 ι
1812 2420 1864 2439 pur-

1759 2444 1852 2470 garario.
