2003 3037
110 1367 205 1387 Miuislri

118 1400 193 1419 Sacra-

113 1433 195 1451 ment-:-

131 1468 187 1483 rum.

230 223 287 265 316

228 289 437 329 suscipiendo,
450 290 561 323 deinde
572 293 708 325 formam
723 295 825 327 dando
838 299 868 327 et
877 298 998 329 caeteris

228 342 433 382 publicand03
459 345 603 377 ordinem
629 356 725 387 vero,
758 349 861 381 dando
892 352 998 391 primo

228 397 412 434 potestatem
433 397 555 437 ligandi
578 401 608 431 et
631 401 773 433 solvendi
795 406 919 443 peccata
934 405 996 436 hu-

227 448 314 478 mani
331 450 459 488 generis
469 475 479 490 ,
500 453 531 482 et
544 454 728 492 potestatem
743 457 930 488 conficiendi
944 467 999 488 sa·-

227 504 424 533 cramentum
435 503 557 543 altaris;
571 506 797 539 eucharistiam
805 518 892 548 vero,
907 520 994 542 com-

227 555 366 593 parando
381 564 414 586 se
436 565 539 596 grano
559 559 712 591 frumenti
724 585 731 599 ,
756 563 786 592 et
803 563 997 596 conficiendo

227 609 259 637 et
284 608 387 639 dando
415 609 596 650 discipulis,
622 613 808 646 imminente
831 617 996 657 passione,

227 665 460 693 sacramentum
483 666 624 705 corporis
645 669 676 697 et
696 668 867 707 sanguinis
881 671 941 702 sui.
960 671 999 703 Et

227 715 296 746 ideo
311 716 382 747 haec
395 717 456 748 tria
469 722 664 751 sacramenta
683 730 740 761 per
755 721 914 754 Christum
932 725 995 755 dis-

226 768 321 800 tincte
342 772 373 800 et
395 770 520 811 integre
543 772 720 805 debuerunt
744 775 885 815 institui,
911 780 942 808 et
964 778 996 808 in

226 821 298 861 lege
319 823 417 854 veteri
437 825 653 865 multipliciter
674 828 807 867 figurari
817 853 826 868 ,
843 832 997 870 tanquam

226 879 422 908 sacramenta
445 878 663 910 substantialia
691 882 766 912 novi
795 884 994 923 testamenti,

226 930 257 958 et
277 930 404 969 propria
420 930 626 970 legislatoris,
645 933 737 965 Verbi
752 935 868 967 scilicet
892 938 996 969 incar-

227 982 303 1012 nati.

505 1045 646 1079 CAPUT
670 1047 711 1081 V.

356 1122 393 1148 De
408 1121 640 1151 Sacramentorwn
659 1125 866 1160 dispensatim&

266 1196 307 1227 De
318 1197 550 1237 dispensatione
561 1209 637 1231 vero
646 1206 920 1236 sacramentorum
937 1206 996 1237 hoc

226 1250 397 1281 tenendum
422 1254 484 1296 est,
509 1253 593 1292 quod
620 1256 757 1294 potestas
784 1257 996 1296 dispensatio-

225 1303 274 1332 nis
296 1308 566 1336 sacramentorum
589 1307 784 1346 regulariter
812 1314 929 1350 spectat
957 1313 995 1343 ad

225 1356 329 1387 solum
344 1366 448 1396 genus
464 1359 654 1391 humanum.
674 1361 707 1392 In
723 1364 873 1394 omnihus
888 1368 993 1396 autem

225 1411 429 1441 sacramentis
448 1412 683 1452 dispensandis,
710 1417 886 1448 neccssaria
902 1419 994 1449 estin

224 1463 424 1502 dispensante
440 1464 582 1497 intentio.
603 1467 638 1498 In
654 1468 812 1508 aliquibus
827 1471 920 1501 etiam
939 1481 992 1502 ne-

224 1517 359 1547 cessario
374 1527 446 1548 cum
463 1519 636 1552 intentione
658 1523 832 1562 requiritur
847 1525 924 1555 ordo
944 1534 993 1556 sa-

224 1570 404 1609 cerdotalis,
422 1572 472 1602 vel
487 1574 674 1612 pontificalis
692 1586 698 1606 :
715 1577 922 1615 pontificalis,
945 1580 992 1610 in*

223 1633 319 1663 quam
334 1648 341 1662 ,
363 1626 558 1657 necessarius
579 1630 643 1666 est,
667 1628 891 1669 dispensationi
919 1642 994 1664 con-

223 1678 412 1709 firmationis
424 1682 454 1710 et
469 1681 602 1719 ordinis3
614 1683 815 1715 sacerdotalis
830 1694 917 1723 vcro,
930 1687 992 1717 dis-

223 1732 401 1771 pensationi
417 1733 626 1773 eucharistiae,
645 1737 850 1776 poenitentiae,
869 1742 899 1770 ct
916 1750 994 1770 unc-

224 1784 317 1815 tionis
338 1787 501 1817 extremm,
526 1787 705 1828 Baptismus
726 1793 831 1821 natvm
845 1816 852 1829 ,
875 1796 905 1823 ct
931 1803 995 1825 ma-

224 1838 408 1870 trimonium
427 1865 434 1877 ,
465 1840 536 1871 licet
559 1842 597 1872 ad
626 1844 802 1874 sacerdotes
831 1849 991 1885 spectent,

224 1894 353 1930 possunt
365 1895 468 1923 tamen
484 1898 599 1934 praeter
610 1897 752 1927 ordinem
768 1900 993 1932 sacerdotalem

222 1945 395 1984 dispensari
412 1946 449 1976 de
465 1948 558 1985 facto,
584 1950 723 1980 maxime
740 1951 771 1981 in
787 1953 919 1984 articulo
934 1964 993 1984 ne-

222 1999 381 2029 cessitatis.
414 2000 468 2030 llis
494 2004 600 2032 anit-ni
626 2004 834 2036 existentibus
850 2030 859 2044 ,
885 2017 993 2038 sacra-

223 2054 329 2081 menta
344 2052 515 2092 dispensari
531 2058 663 2093 possunt
674 2066 692 2086 a
707 2057 796 2087 bonis
809 2082 815 2095 ,
834 2061 864 2089 et
880 2061 989 2099 malis3

222 2113 240 2133 a
262 2105 426 2143 fidelibus,
449 2109 479 2136 et
504 2107 674 2145 haereticis3
693 2110 776 2140 intra
796 2111 990 2153 Ecclesiam,

222 2159 252 2187 ct
267 2160 377 2189 extra:
396 2159 447 2189 sed
464 2159 561 2198 intra,
581 2163 755 2193 secuudum
773 2165 939 2197 veritatem
962 2171 992 2198 et

221 2211 258 2241 ad
272 2211 457 2250 utilitatem;
475 2216 564 2243 extra
575 2224 661 2252 vero,
677 2225 739 2246 non
753 2218 791 2248 ad
809 2219 988 2260 utilitatem,

222 2264 291 2295 lit-ct
308 2265 530 2304 dispensentur
546 2269 720 2299 secundum
738 2272 913 2304 veritatem.

263 2318 348 2349 ilatio
370 2322 475 2350 autem
499 2321 537 2351 ad
560 2322 803 2361 intelligemirm
826 2327 990 2365 praedicto-

222 2381 303 2407 1um,
321 2372 390 2403 haec
400 2376 447 2403 est
460 2385 465 2403 ;
480 2375 555 2413 quia
570 2377 786 2415 reparativum
797 2380 988 2420 principium
1006 2379 1008 2381 ’

221 2427 386 2464 nostrum,
414 2426 553 2457 Verbum
577 2429 694 2460 scilicet
715 2431 932 2469 incarnatum,
958 2436 989 2465 in

221 2480 375 2517 quantum
398 2481 480 2509 Deus
497 2483 527 2511 ct
548 2481 663 2519 homo,
682 2488 878 2516 sacramenta
898 2487 989 2518 insti-

220 2533 280 2562 tnit
295 2533 332 2563 ad
348 2534 480 2565 salutem
505 2535 690 2574 hominum,
716 2539 891 2579 ordinavit,
910 2542 989 2573 sicut

219 2588 248 2616 et
256 2595 438 2625 congruum
452 2589 520 2626 suit,
533 2592 567 2619 ut
578 2590 759 2622 hominibus
773 2592 988 2632 dispensaren-

221 2640 271 2668 tur
287 2648 342 2678 per
358 2640 567 2671 ministerium
585 2642 750 2674 hominum
762 2669 769 2681 ‚
787 2648 913 2685 propter
928 2657 989 2679 ser-

222 2691 355 2722 vandam
372 2694 622 2725 consta-mitatem
636 2697 859 2736 dispensatoris
870 2700 906 2730 ad
925 2700 988 2731 sal-

802 228 1054 269 BREVlLOQUss
1076 234 1178 268 PARS
1199 237 1251 269 VI.

1056 303 1198 335 vaterem
1216 304 1394 345 Christum,
1417 310 1448 339 et
1471 310 1511 341 ad
1529 310 1635 351 ipsum
1662 315 1825 355 hominem

1055 355 1255 389 salvandum.
1279 358 1436 396 Quoniam
1458 371 1538 402 ergo
1566 365 1710 399 Salvator
1732 370 1823 402 Chri-

1055 409 1124 439 stus
1144 409 1322 443 humanum
1347 423 1450 453 genus
1473 416 1622 458 salvavit,
1649 423 1824 455 secundum

1055 462 1140 501 quod
1161 463 1311 503 exigebat
1330 467 1464 507 aequitas
1481 470 1585 510 Juris,
1606 472 1747 512 dignitas
1769 485 1825 507 or-

1055 514 1147 553 dinis,
1163 518 1194 547 et
1207 519 1356 550 securitas
1371 521 1491 561 salutis,
1509 526 1657 563 operatus
1671 529 1716 557 est
1731 528 1818 559 enim

1055 568 1188 600 salutem
1214 573 1355 603 nostram
1377 574 1470 606 modo
1491 578 1595 615 recto,
1627 579 1773 612 ordinato
1795 584 1826 613 et

1055 623 1139 653 certo
1151 633 1158 653 :
1172 623 1247 654 hinc
1256 627 1301 656 est
1314 627 1398 666 quod
1413 630 1588 661 secundum
1598 631 1715 664 horum
1724 634 1824 666 trium

1055 675 1265 715 exigentiam,
1291 683 1483 713 sacramenta
1506 685 1664 716 commisit
1687 686 1824 720 homini-

1055 728 1115 758 bus
1137 729 1359 770 dispensanda.
1381 734 1488 766 Primo
1502 736 1614 776 igitur,
1637 739 1712 779 quia
1728 742 1825 772 recti-

1055 782 1131 813 tudo
1141 783 1225 822 ¹iuris
1240 786 1342 825 exigit
1356 785 1391 819 ut
1405 798 1502 829 opera
1519 791 1659 824 hominis
1670 817 1679 832 ,
1706 804 1824 827 secun-

1055 835 1131 866 dum
1150 837 1235 876 quod
1254 838 1369 878 homo,
1388 850 1452 872 non
1471 843 1550 875 fiant
1569 846 1822 888 praecipitantem

1054 890 1085 918 et
1098 897 1193 928 opera
1208 890 1364 931 hominis,
1391 895 1427 924 ut
1442 895 1579 927 ministri
1603 898 1739 938 Christi,
1761 901 1822 931 ali-

1054 950 1117 980 quo
1134 944 1226 973 modo
1249 945 1423 978 referantur
1438 948 1477 979 ad
1491 948 1667 990 Christum5
1681 956 1712 984 et
1728 963 1824 994 opera

1055 995 1213 1035 hominis,
1234 999 1268 1028 ut
1287 999 1423 1030 ministri
1446 1002 1556 1033 salutis
1568 1028 1575 1042 ,
1594 1005 1701 1045 aliquo
1726 1008 1821 1039 modo

1055 1049 1230 1081 reserantur
1244 1051 1284 1082 ad
1299 1052 1433 1084 salutem
1445 1079 1453 1093 ,
1477 1056 1529 1087 vel
1544 1056 1577 1087 in
1593 1059 1757 1098 generali,
1774 1060 1826 1091 vel

1053 1101 1085 1132 in
1106 1103 1250 1142 speciali;
1277 1107 1307 1135 et
1333 1106 1525 1146 dispensatio
1547 1114 1820 1145 sacramentorum

1054 1156 1099 1184 est
1122 1164 1202 1195 opus
1222 1156 1361 1189 hominis
1375 1161 1411 1190 ut
1432 1161 1594 1193 rationalis
1608 1187 1616 1201 ‚
1634 1166 1670 1194 ut
1685 1165 1821 1197 ministri

1054 1208 1183 1247 Christi,
1198 1212 1228 1240 et
1241 1213 1276 1241 ut
1286 1212 1423 1244 ministri
1435 1214 1565 1246 salutis:
1581 1216 1656 1248 hinc
1669 1220 1726 1256 est,
1739 1220 1821 1258 quod

1053 1270 1178 1292 necesse
1194 1265 1240 1294 est
1254 1265 1339 1304 qnod
1355 1266 1459 1298 fiatex
1472 1268 1657 1307 intentione,
1672 1280 1736 1311 qua
1751 1273 1823 1312 quis

1053 1369 1226 1400 humanam
1243 1371 1398 1411 salntem,
1420 1374 1469 1405 vel
1490 1375 1599 1406 saltem
1618 1377 1718 1408 facere
1738 1379 1823 1419 quod

1054 1423 1124 1453 facit
1139 1424 1289 1464 Ecclesia,
1317 1426 1349 1456 in
1369 1436 1432 1467 quo
1452 1428 1608 1460 clauditur
1631 1431 1665 1461 in
1681 1432 1823 1471 generali

1053 1476 1183 1508 intentio
1205 1479 1369 1518 prcedicta,
1390 1481 1466 1520 quia
1490 1482 1558 1521 ipsa
1574 1482 1721 1521 Ecclesia,
1742 1485 1824 1516 sicut

1052 1533 1248 1562 sacramenta
1260 1541 1278 1562 a
1293 1532 1413 1564 Christo
1428 1535 1557 1575 accepit,
1570 1536 1614 1566 sic
1628 1537 1665 1568 ad
1680 1537 1820 1569 fidelium

1052 1584 1186 1614 salutem
1202 1584 1370 1625 dispensat.

1093 1635 1231 1675 Rursus,
1257 1639 1333 1678 qnia
1351 1640 1428 1670 ordo
1451 1640 1615 1680 dignitatis
1640 1644 1759 1683 exigit,
1785 1647 1821 1676 ut

1053 1691 1173 1729 majora
1199 1692 1393 1731 majoribuS,
1421 1693 1545 1725 minora
1570 1696 1766 1736 minoribns,
1791 1700 1822 1729 et

1054 1743 1154 1774 media
1183 1745 1295 1776 mediis
1322 1747 1584 1787 committantur;
1615 1751 1645 1780 et
1674 1750 1821 1790 quaetlam

1051 1798 1126 1826 sunt
1147 1801 1341 1829 sacramenta
1354 1823 1361 1836 ‚
1378 1808 1450 1839 quae
1472 1801 1629 1841 praecipue
1650 1803 1822 1843 respiciunt

1051 1850 1269 1881 excellentiam
1300 1852 1443 1891 virtutis,
1474 1854 1540 1886 sive
1569 1855 1755 1894 dignitatis,
1785 1859 1821 1887 ut

1050 1906 1285 1942 sacramentum
1312 1907 1582 1946 confirmationis,
1612 1911 1643 1939 et
1674 1908 1818 1940 ordinis:

1050 1957 1212 1995 quaedam,
1241 1968 1313 1998 quze
1337 1960 1510 2000 respiciunt
1531 1961 1740 2000 indigentiam
1763 1971 1820 1993 ne-

1049 2010 1216 2043 cessitatis,
1244 2014 1278 2041 ut
1305 2012 1479 2052 baptismus
1503 2016 1533 2044 et
1557 2014 1817 2053 matrimonium,

1050 2072 1187 2101 quorum
1210 2073 1312 2094 unum
1331 2068 1479 2103 generat,
1497 2066 1634 2097 alterum
1653 2070 1820 2106 regenerat

1048 2115 1086 2145 ad
1121 2117 1318 2147 existentiam
1346 2117 1482 2149 debitam
1494 2129 1501 2156 ;
1531 2120 1678 2159 quaedam
1712 2122 1818 2151 autem

1049 2169 1161 2206 media,
1182 2171 1216 2199 ut
1231 2170 1430 2209 eucharistia,
1447 2172 1650 2211 pcenitentia,
1667 2175 1698 2203 et
1713 2175 1818 2204 unctio

1047 2224 1213 2253 extrema:
1237 2223 1312 2254 hinc
1337 2226 1383 2255 est
1410 2225 1495 2264 quod
1523 2225 1637 2265 prima,
1663 2228 1818 2267 tanquam

1047 2285 1207 2315 suprema,
1233 2287 1296 2307 non
1323 2281 1456 2317 possunt
1484 2279 1659 2318 dispensari
1689 2280 1749 2310 nisi
1778 2281 1817 2311 ab

1047 2330 1199 2370 episcopis
1222 2334 1252 2361 et
1276 2332 1498 2371 pontificibus,
1528 2335 1684 2372 qnantum
1709 2336 1755 2364 est
1780 2333 1817 2364 de

1042 2385 1116 2423 jm'e
1136 2385 1319 2423 communi3
1339 2385 1400 2415 alia
1415 2394 1502 2423 vero,
1518 2387 1671 2425 tanquam
1692 2386 1814 2424 infima,

1046 2437 1220 2476 dispensari
1244 2441 1374 2478 possunt
1399 2448 1417 2468 a
1446 2438 1700 2478 quibuscumque
1729 2439 1817 2469 ordi-

1046 2489 1140 2520 nibus
1164 2492 1193 2520 et
1216 2490 1359 2529 personis
1380 2491 1598 2529 inferioribus,
1618 2491 1758 2521 maxime
1783 2492 1816 2522 in

1045 2543 1176 2573 articulo
1192 2543 1394 2580 necessitatis,
1415 2543 1500 2583 quod
1517 2544 1584 2574 dico
1599 2544 1720 2575 ratione
1737 2545 1813 2585 bap—

1046 2596 1148 2634 tismi;
1166 2597 1269 2627 media
1283 2605 1357 2627 vero
1379 2606 1397 2627 a
1417 2596 1491 2627 solis
1506 2597 1721 2628 sacerdotibus
1734 2621 1741 2635 ‚
1759 2598 1814 2637 qui

1046 2649 1128 2679 inter
1142 2650 1315 2689 episcopos,
1331 2652 1362 2680 et
1377 2649 1539 2681 inferiores
1555 2659 1721 2690 personas,
1739 2654 1813 2682 sunt

1045 2703 1134 2742 quasi
1152 2703 1183 2733 in
1200 2704 1302 2734 medio
1318 2704 1487 2734 constituti.
1858 2701 1860 2703 ’

1845 1235 1938 1256 intentio

1858 1272 1927 1286 sacra·

1849 1296 1929 1317 mentis

1054 1314 1193 1347 intendat
1217 1317 1316 1349 facere
1342 1320 1426 1359 quod
1454 1320 1597 1353 Christus
1625 1323 1760 1355 instituit
1784 1326 1824 1357 ad
1839 1333 1938 1348 necem·
