2003 3037
137 1562 169 1581 De
178 1565 221 1586 poe-

115 1597 143 1611 ua
157 1591 220 1611 infer-

146 1622 190 1642 nali

122 1658 215 1673 summa-

116 1684 163 1704 itm.

227 252 285 282 338

226 317 303 358 quia
316 324 381 346 non
397 313 499 354 potest
512 311 678 342 mortuum
700 308 851 341 suscitare
861 332 870 347 ,
886 309 918 339 et
931 308 1001 348 ipsa

226 370 335 402 divina
355 364 559 399 Providentia
570 363 651 394 nihil
665 362 775 395 debuit
793 362 896 393 facere
915 361 998 392 trus-

225 425 292 461 11ος
309 429 436 453 0000550
450 421 507 458 est,
524 417 610 458 quod
624 417 724 458 ipsius
737 416 856 449 virtute
871 424 999 455 repare-

225 481 279 509 tur
294 484 409 516 corpus
431 473 516 504 idem
532 480 666 502 numero
678 495 686 510 ,
710 472 742 501 et
754 468 952 506 immortale,
969 469 1001 499 et

225 541 267 563 ex
280 529 429 561 omnibus
443 525 587 567 partibus
610 524 833 560 constitutum,
859 524 891 552 et
913 521 1001 553 salva

225 587 290 616 tota
306 582 439 614 veritate
459 581 610 611 humanae
628 579 764 608 naturae.
789 575 867 606 Cum
891 576 1000 605 autem

225 638 295 669 haec
309 638 424 667 natura
437 642 502 665 non
515 632 632 663 habeat
644 631 679 661 in
693 630 847 669 potestate
856 651 866 666 ,
883 627 937 658 sed
952 636 1001 658 so-

226 691 295 722 lum
309 689 344 720 iu
364 686 522 728 appetitu,
539 685 615 725 quia
631 692 690 714 nec
704 682 789 712 idem
806 689 921 720 corpus
937 689 999 710 nu-

227 752 316 775 mero
331 741 527 774 destructum
540 745 689 778 reparare
704 736 825 775 potest,
848 743 923 764 cum
936 743 1002 764 non

226 796 326 837 possit
339 795 374 826 in
388 795 488 825 totam
502 791 548 823 rei
564 788 788 825 substantiam;
811 795 870 817 nec
889 795 1002 826 corpus

227 849 406 881 immortale
428 846 526 887 possit
549 845 672 876 efficere
687 866 696 881 ,
723 851 797 873 cum
821 849 916 871 omne
946 849 1003 880 per

228 905 376 935 naturam
406 898 589 940 generabile
620 897 659 928 sit
684 894 889 935 corruptibile
902 905 910 931 ;
944 902 1003 924 nec

228 957 369 997 dispersa
385 954 534 993 colligere
547 952 649 992 potest
664 961 672 981 z
687 957 815 980 necesse
831 950 894 986 est,
918 946 1002 986 quod

229 1008 418 1041 resurrectio
440 1015 505 1037 non
528 1003 754 1040 seminalibuS,
771 1010 829 1032 nec
847 999 1002 1031 naturali-

231 1063 290 1094 bus
307 1061 428 1098 causis,
445 1059 500 1091 sed
520 1055 779 1099 primordialibus
797 1053 1002 1090 attribuatur,

230 1118 267 1148 nt
282 1116 338 1146 fiat
351 1113 526 1146 secundum
540 1119 672 1142 cursum
696 1107 876 1139 mirabilem
894 1107 926 1137 et
949 1114 1002 1136 su-

233 1167 469 1210 pernaturalem
479 1190 490 1205 ‚
510 1167 541 1196 et
563 1163 739 1195 secundum
765 1160 883 1191 divinae
902 1159 1002 1198 impe-

232 1223 316 1254 rium
331 1219 516 1253 voluntatis.

477 1297 666 1360 CAPUT*
691 1323 759 1356 VI.

263 1417 300 1443 De
313 1411 528 1448 consequentibus
543 1410 579 1437 ad
589 1409 736 1444 judicium,
753 1407 855 1434 scilicet
870 1405 902 1432 cle
916 1405 977 1439 igne

549 1454 692 1488 infernali.

275 1541 508 1581 Consequentcr
523 1537 560 1568 de
582 1533 849 1574 consequentibus
865 1531 905 1563 ad
919 1531 1009 1571 judi-

236 1596 322 1627 cium
337 1595 384 1625 est
404 1591 593 1625 dicendum;
610 1598 683 1629 quae
700 1589 774 1618 sunt
791 1587 872 1623 duo,
894 1584 1010 1615 scilicet

238 1659 331 1691 poena
345 1646 520 1684 infernalis,
537 1646 568 1675 et
585 1643 688 1683 gloria
703 1640 848 1672 coelestis.
865 1639 906 1669 De
917 1647 1011 1678 poena

238 1705 337 1743 igitur
368 1699 512 1732 infernali
539 1699 599 1728 1100
624 1695 799 1737 tenendum
828 1695 894 1730 est,
925 1691 1010 1731 quod

240 1766 333 1797 prena
354 1753 516 1785 infernalis
534 1753 580 1782 est
602 1750 635 1780 in
651 1749 720 1779 1000
735 1746 889 1786 corporali
915 1745 1010 1775 deor-

239 1819 329 1847 sum,
352 1808 463 1847 inquo
487 1803 677 1836 aeternaliter
697 1801 881 1839 affligentur
901 1806 1011 1828 omnes

239 1862 377 1903 reprobi,
394 1863 460 1891 tam
476 1858 634 1894 homines,
651 1863 749 1895 quam
769 1853 898 1893 spiritus
923 1851 1009 1881 mali.

239 1917 432 1955 Asssigentur
457 1915 565 1943 autem
596 1909 707 1940 eodem
731 1908 807 1946 igne
833 1904 988 1944 corporali
1000 1927 1010 1942 ,

240 1970 295 2010 qui
309 1966 522 2000 concremabit
537 1966 567 1994 et
577 1963 698 2001 affliget
712 1960 851 2000 spiritUS,
870 1960 900 1989 et
915 1957 1011 1988 etiam

240 2031 372 2062 corpora
390 2032 395 2051 :
413 2029 470 2050 nec
486 2021 592 2048 tamen
607 2023 740 2054 corpora
754 2013 807 2042 illa
822 2013 986 2042 consumet
1003 2020 1010 2048 3

241 2076 295 2106 sed
310 2082 434 2113 semper
449 2071 568 2109 affliget
583 2068 660 2098 alios
677 2066 764 2106 plus,
792 2065 869 2095 alios
884 2064 990 2094 minus
1004 2086 1012 2099 ,

242 2128 416 2159 secundum
443 2123 639 2162 exigentiam
663 2119 861 2150 meritorum.
892 2117 1012 2157 11111115-

243 2182 328 2213 modi
342 2182 450 2211 autem
465 2176 627 2208 afflictioni
656 2173 742 2213 ignis
763 2173 932 2211 conjuncta
956 2170 1016 2200 erit

243 2235 369 2266 atssictio
385 2232 559 2264 secundum
574 2237 684 2260 01111105
698 2235 828 2263 5011505;
846 2225 1015 2264 conjuncta

244 2289 303 2320 erit
318 2296 410 2328 poena
425 2284 558 2321 vermis,
585 2284 616 2312 ct
635 2280 774 2311 carentia
789 2278 921 2308 visionis
942 2277 1013 2314 Dei3

244 2344 287 2372 ita
309 2340 393 2381 quod
412 2340 445 2369 in
461 2338 510 2368 1115
524 2336 626 2377 poenis
640 2334 699 2364 erit
715 2332 850 2363 varietas
864 2354 871 2368 ,
897 2332 926 2361 et
941 2339 1014 2360 cum

246 2395 396 2425 varietate
411 2391 582 2426 acerbitas,
599 2391 629 2418 et
646 2395 719 2417 cum
735 2384 902 2415 acerbitate
918 2383 1016 2413 inter-

248 2447 436 2478 minabilitas
447 2470 454 2483 ,
469 2446 503 2474 nt
517 2444 555 2473 ad
568 2441 778 2481 reproborum
790 2437 981 2477 supplicium
993 2437 1015 2474 ²,

247 2503 470 2533 cernzentorzmz
487 2498 594 2535 simius
613 2493 764 2526 ascendat
779 2493 815 2523 in
829 2491 945 2522 sceczcla
959 2498 1018 2521 sce-

247 2555 399 2586 culorum.

287 2606 376 2638 Ratio
401 2606 506 2635 autem
531 2602 569 2632 ad
592 2598 838 2638 intelligentiam
858 2596 1019 2636 [1101111010-

248 2671 320 2692 rum
335 2660 405 2691 haec
419 2659 486 2688 est:
500 2656 573 2696 quia
587 2664 656 2685 cun]
668 2653 809 2693 primum
826 2650 1018 2690 principium

280 2725 387 2753 ῑΛῃοσ.γ
402 2721 507 2750 Χ1Υ,Η.

792 240 909 273 BREVI
916 240 1043 279 LOQUII
1063 241 1166 274 PARS
1188 242 1242 274 Vll
1248 266 1255 273 .

1055 317 1221 340 summum
1234 309 1293 348 sit,
1304 309 1457 349 quidquid
1466 308 1579 348 habet,
1589 309 1684 340 habet
1694 309 1730 340 in
1741 318 1827 340 sum-

1055 370 1109 393 mo
1119 373 1126 392 :
1138 362 1209 393 ideo
1219 371 1344 393 neeesse
1354 365 1400 393 est
1406 362 1512 402 ipsum
1522 370 1589 392 esse
1598 361 1822 394 rectissimum.

1056 413 1135 445 Cum
1146 424 1225 455 ergo
1232 415 1267 446 in
1276 415 1481 446 retribuendo
1491 417 1569 454 agat
1577 414 1753 445 secundum
1761 424 1826 446 rec-

1056 467 1224 499 titudinem
1235 478 1243 507 ;
1255 469 1334 500 sicut
1348 470 1458 499 contra
1471 477 1504 499 se
1518 468 1620 499 facere
1633 477 1699 498 non
1713 469 1826 508 potest,

1056 529 1114 551 nec
1131 530 1164 551 se
1184 530 1321 560 negare,
1347 531 1406 552 nec
1426 530 1518 553 suam
1539 520 1697 560 justitiam
1718 520 1825 560 impu-

1058 582 1175 613 gnare,
1191 574 1236 605 sic
1250 575 1443 613 necessario,
1466 584 1525 605 sua
1547 573 1733 604 rectitudine
1757 573 1828 604 exi-

1058 629 1154 666 gente
1164 651 1173 666 ,
1190 630 1311 668 oportet
1325 628 1410 668 quod
1425 630 1590 668 peccatum
1610 627 1763 667 puniatur
1777 636 1827 657 se·

1057 680 1199 710 cundum
1214 681 1422 720 quantitatem
1437 681 1548 721 culpae,
1560 681 1594 711 in
1608 680 1660 711 his
1675 679 1825 718 maxime,

1057 733 1114 773 qui
1127 733 1234 772 legem
1257 734 1482 765 misericordiae
1499 735 1756 770 contemnentes,
1774 742 1830 773 per

1057 787 1325 826 impoenitentiam
1346 787 1552 827 impegerunt
1572 788 1614 817 in⁴
1629 787 1829 818 severitatem

1055 841 1200 880 justitiae.
1223 840 1378 878 Quoniam
1402 850 1482 880 ergo
1500 840 1677 872 severitatis
1696 839 1829 880 justitiae

1060 895 1106 924 est
1120 893 1318 925 considerare
1331 893 1458 934 culpam
1474 903 1538 925 non
1553 894 1656 924 solum
1670 895 1828 933 quantum

1059 946 1098 977 ad
1113 946 1252 977 radicem
1265 970 1273 985 ,
1293 955 1410 978 verum
1423 947 1520 977 etiam
1535 948 1692 987 quantum
1713 946 1752 976 ad
1767 946 1828 977 cir-

1059 1001 1265 1031 cumstantias
1291 1002 1531 1040 aggravantes3
1560 999 1831 1039 congruissimum

1059 1055 1106 1083 est
1116 1076 1126 1091 ,
1143 1055 1178 1083 ut
1195 1053 1296 1093 judex
1313 1054 1420 1093 justus
1438 1061 1548 1093 poenas
1565 1053 1684 1084 debitas
1707 1052 1747 1082 ab
1769 1052 1831 1082 im-

1060 1105 1120 1145 piis
1136 1105 1246 1144 exigat
1261 1115 1362 1145 usque
1377 1105 1417 1136 ad
1436 1105 1587 1136 ultimum
1602 1105 1809 1145 quadrantem
1820 1128 1829 1143 ,

1061 1161 1092 1189 et
1105 1159 1150 1189 510
1164 1168 1229 1189 11011
1245 1161 1408 1189 remaneat
1420 1159 1555 1189 dedecus
1569 1158 1686 1198 peccati
1701 1157 1769 1188 51110
1783 1157 1833 1188 de-

1061 1220 1133 1242 core
1145 1212 1278 1251 justitiae
1286 1223 1294 1250 ;
1311 1215 1342 1243 et
1356 1213 1437 1243 sieut
1451 1212 1617 1243 manifesta
1630 1214 1677 1242 est
1696 1212 1834 1251 potestas

1061 1264 1095 1294 in
1109 1264 1254 1300 creando,
1276 1267 1306 1296 et
1328 1265 1481 1305 sapientia
1502 1265 1536 1295 in
1551 1263 1779 1303 gubernando,
1804 1265 1834 1294 et

1062 1317 1229 1349 clementia
1262 1319 1295 1349 in
1325 1319 1517 1359 reparando,
1545 1318 1589 1349 sic
1618 1318 1835 1348 manifestetur

1063 1380 1190 1402 summa
1200 1371 1325 1411 justitia
1339 1372 1372 1402 in
1388 1372 1561 1412 puniendo.
1585 1371 1742 1409 Quoniam
1758 1379 1835 1410 ergo

1063 1424 1172 1455 divina
1195 1425 1320 1464 justitia
1352 1427 1548 1465 peccatorem
1581 1424 1716 1464 impium
1743 1424 1836 1455 debet

1064 1477 1178 1516 punire
1214 1478 1391 1509 secundum
1420 1478 1615 1517 exigentiam
1645 1477 1746 1517 culpae
1765 1500 1774 1514 ‚
1804 1478 1834 1507 et

1064 1530 1158 1570 culpa
1173 1530 1326 1569 mortalis,
1343 1531 1382 1561 ad
1397 1540 1495 1571 quam
1509 1530 1645 1561 succedit
1659 1529 1764 1560 finalis
1779 1529 1835 1560 im-

1065 1583 1252 1622 poenitentia
1265 1608 1272 1622 ,
1289 1583 1357 1623 ipsa
1379 1584 1474 1614 habet
1492 1584 1651 1614 rationem
1670 1582 1837 1613 deordina-

1065 1637 1160 1667 tionis
1176 1638 1337 1676 perpetuae
1347 1660 1355 1674 ,
1378 1636 1624 1667 deordinationis
1638 1635 1815 1666 libidinosae
1826 1659 1835 1674 ‚

1066 1690 1312 1721 deordinationis
1323 1690 1519 1721 multimodae
1529 1701 1537 1727 ;
1549 1698 1674 1720 necesse
1685 1691 1740 1728 est,
1753 1689 1838 1729 quod

1066 1744 1132 1784 ipsa
1148 1744 1299 1783 puniatur
1314 1752 1481 1783 poenarum
1503 1743 1693 1780 aeternitate,
1718 1742 1837 1773 acerbi-

1066 1799 1128 1828 tate
1138 1820 1148 1835 ,
1164 1800 1195 1827 et
1210 1796 1471 1827 multiformitate.

1107 1849 1216 1880 Primo
1250 1849 1353 1888 igitur
1395 1849 1641 1879 deordinationis
1674 1850 1837 1888 perpetuae

1068 1911 1162 1943 poena
1175 1902 1267 1933 debet
1281 1911 1349 1932 esse
1371 1904 1538 1942 perpetua,
1554 1902 1629 1942 quia
1651 1903 1815 1941 peccatum
1828 1925 1837 1941 ‚

1069 1956 1153 1995 quod
1178 1955 1250 1995 quis
1274 1955 1462 1993 committit,
1483 1956 1513 1985 et
1534 1955 1572 1985 de
1587 1963 1650 1994 quo
1673 1963 1839 1994 nunquam

1069 2009 1210 2048 poenitet,
1228 2009 1380 2047 perpetuo
1395 2007 1429 2037 in
1444 2007 1551 2037 animo
1566 2007 1678 2044 durat,
1697 2009 1727 2037 et
1742 2016 1760 2037 a
1774 2007 1840 2038 vita

1069 2063 1238 2101 perpetua,
1258 2059 1375 2090 scilicet
1392 2059 1472 2098 Deo,
1489 2061 1631 2099 separat,
1648 2062 1678 2090 et
1693 2068 1711 2090 a
1725 2059 1841 2090 volun-

1070 2117 1134 2145 tate
1150 2113 1300 2154 procedit,
1313 2122 1383 2151 quae
1395 2113 1428 2143 in
1444 2115 1571 2153 peccato
1580 2112 1675 2144 vellet
1686 2115 1840 2153 perpetuo

1071 2167 1231 2199 delectari.
1249 2167 1286 2198 Et
1300 2167 1372 2197 licet
1385 2166 1548 2197 delectatio
1564 2166 1616 2196 illa
1630 2166 1788 2197 transiens
1802 2166 1842 2197 sit

1072 2222 1311 2259 momentanea,
1327 2219 1402 2259 quia
1422 2221 1530 2249 tamen
1543 2218 1738 2250 deordinatio
1757 2221 1843 2250 tenet

1071 2275 1227 2306 rationem
1243 2272 1479 2313 perpetuitatis,
1496 2280 1591 2311 poena
1612 2271 1841 2302 deordinationi

1073 2327 1266 2368 respondens
1278 2326 1370 2356 debet
1383 2326 1501 2356 habere
1515 2325 1687 2355 carentiam
1699 2325 1771 2354 finis
1784 2335 1790 2355 :
1805 2325 1842 2354 ut

1074 2382 1154 2412 sicut
1168 2381 1265 2411 homo
1290 2379 1322 2409 in
1344 2388 1401 2409 suo
1416 2381 1568 2418 perpetuo
1583 2378 1680 2408 finem
1700 2385 1765 2407 non
1783 2386 1841 2417 ap-

1073 2434 1179 2475 posuit
1193 2443 1211 2463 a
1228 2434 1354 2473 peccato
1370 2432 1542 2462 recedendo
1554 2455 1561 2469 ‚
1579 2430 1622 2460 510
1636 2430 1718 2460 Deus
1736 2429 1769 2460 in
1784 2439 1842 2461 suo

1074 2490 1225 2528 perpetuo
1240 2495 1303 2516 non
1318 2486 1447 2516 desistat
1467 2494 1487 2515 a
1508 2483 1688 2524 puniendo:
1709 2485 1739 2513 et
1761 2483 1842 2514 sicut

1074 2542 1170 2572 homo
1185 2542 1295 2570 contra
1308 2539 1467 2569 infinitum
1477 2536 1634 2577 peccavit,
1652 2537 1696 2567 sic
1711 2545 1840 2576 poenam

1074 2594 1190 2625 habeat
1204 2592 1382 2623 infinitam:
1397 2593 1428 2621 et
1447 2590 1521 2629 quia
1536 2598 1600 2620 non
1611 2591 1713 2628 potest
1726 2589 1842 2620 habere

1075 2655 1203 2687 poenam
1218 2645 1375 2676 infinitam
1397 2642 1573 2679 intensive,
1595 2642 1710 2672 babeat
1730 2641 1841 2672 saltem

1077 2699 1264 2732 duratione:
1282 2698 1313 2727 et
1332 2696 1411 2727 sicut
1425 2695 1574 2727 voluntas
1589 2696 1657 2735 ers
1670 2696 1740 2734 post
1756 2703 1842 2725 mor-

1866 849 1884 868 D
1888 848 1892 867 i
1896 847 1914 867 vi
1918 853 1950 867 nae

1850 879 1941 906 justitia

1844 909 1950 930 severitas

1887 1860 1957 1880 Deor-

1859 1890 1951 1910 dinatio-

1854 1921 1888 1941 nis
1908 1927 1951 1946 per·

1871 1952 1940 1977 petuae

1866 1987 1945 2008 poenae.
