2003 3037
51 694 134 722 Regula

39 727 66 747 de
88 733 145 763 com-

39 764 132 779 munica-

704 234 754 267 DE
777 234 816 267 IN
820 232 1072 266 CARNATIONE
1093 232 1227 266 VERBI.

158 305 295 339 verbum
311 305 393 338 voci.
410 303 605 345 Nullnmque
619 302 729 343 magis
748 302 842 334 decet
857 303 937 334 redu

158 369 229 392 cere
243 360 284 392 ad
298 359 443 392 divinam
457 356 709 390 consormitatem
720 381 728 396 ‚
749 366 847 397 quam
862 366 938 388 eum

159 414 215 455 qui
229 415 277 446 est
292 413 401 454 imago
415 411 529 444 Patris.
548 410 747 450 Nullumque
760 411 867 450 magis
883 411 936 442 de-

161 471 209 499 cct
222 468 261 499 ad
272 467 457 498 filiationem
466 465 650 505 adoptivam
666 464 827 503 reducere,
840 473 938 504 quam

159 522 263 553 filium
278 520 455 553 naturalem
472 529 479 550 ι
499 527 535 550 ac
557 527 613 559 per
630 518 692 549 hoc
715 518 844 549 nullum
867 527 938 549 ma-

161 575 212 616 gis
226 575 315 606 decet
325 573 396 605 fieri
410 573 515 605 filium
529 572 673 604 hominis
685 596 693 611 ,
718 581 817 613 quam
831 571 938 612 ipsum

160 628 278 660 Filium
293 628 360 660 Dei.

200 681 357 720 Quoniam
383 681 484 721 igitur
507 681 592 712 idem
616 680 751 712 omnino
780 682 828 711 est
855 679 939 711 silius

160 735 317 774 hominis,
341 736 374 766 et
392 735 464 774 Dei,
490 735 615 766 ratione
635 733 884 771 incarnationis;
909 735 938 764 et

1713 233 1773 263 285

993 301 1172 333 incarnatio
1192 303 1238 333 est
1260 311 1279 333 a
1295 302 1402 342 primo
1426 301 1582 343 principio
1604 301 1774 341 reparante

993 357 1087 389 modo
1103 357 1410 397 congruentissimo;
1430 359 1461 389 et
1476 366 1640 397 congruus
1657 354 1772 386 modus

993 413 1040 442 est
1052 435 1059 449 ‚
1076 411 1161 452 quod
1178 411 1336 442 medicina
1357 420 1398 442 ex
1417 410 1562 451 opposito
1587 408 1776 449 respondeat

994 465 1122 500 morbo,
1150 467 1181 495 et
1210 464 1368 505 reparatio
1393 463 1513 504 lapsui,
1540 466 1570 494 et
1596 462 1775 494 remedium

993 520 1187 549 nocumento
1217 527 1224 549 :
1257 527 1333 549 cum
1362 527 1441 557 ergo
1469 526 1572 556 genus
1597 516 1774 547 hamanum

993 571 1122 612 lapsum
1135 571 1232 603 fuerit
1247 580 1303 612 per
1316 571 1504 602 diabolicam
1515 569 1773 610 suggestionem,

993 630 1024 658 et
1045 637 1102 668 per
1117 637 1311 659 consensum
1329 627 1472 658 mulieris
1487 627 1627 666 deceptae
1639 649 1649 664 ,
1666 627 1697 656 et
1713 634 1775 664 ge-

993 681 1192 712 nerationem
1203 680 1533 721 concupiscentialem,
1548 679 1776 710 transfunden-

992 738 1058 767 tem
1073 736 1231 775 originale
1246 735 1280 766 in
1295 735 1418 776 prolem
1439 746 1445 766 ε
1462 734 1623 775 oportuit,
1649 733 1735 774 quod
1758 742 1775 763 e

47 789 113 842 ,35³¹ss
129 832 137 836 ⁴
160 799 373 831 quaecumque
387 789 445 821 uni
461 791 492 820 et
507 789 610 820 eidem
626 791 702 820 sunt
716 789 839 826 eadem,
857 788 939 819 inter
994 789 1153 820 contrario
1169 789 1220 820 hic
1234 791 1316 820 essct
1330 789 1472 829 Angelus
1492 789 1595 820 honus
1605 813 1612 827 ,
1638 787 1775 818 suadens

39 827 96 906 eth-1¹21
107 827 129 874 52
159 853 193 876 se
208 846 283 876 sunt
297 844 409 876 eadem
428 855 434 875 :
452 843 528 874 hinc
550 843 696 883 estquod
712 842 889 874 necessario
905 842 940 873 fit
993 843 1132 882 bonum;
1152 846 1182 875 et
1197 844 1299 883 Virgo
1314 843 1460 882 credens,
1478 845 1509 873 et
1523 842 1724 874 consentiens
1741 841 1775 871 iu

73 885 133 906 risto-

59 2527 136 2549 ‘Modus

44 2560 139 2579 incarna-

56 2590 130 2615 tionis,

160 898 406 930 communicatio
423 897 629 935 idiomatum,
651 896 714 927 nisi
735 896 776 926 sit
798 896 937 927 vocabu-

159 952 228 984 lum
244 953 279 983 in
294 961 358 993 quo
376 952 485 992 aliqua
499 950 715 991 repugnantia
730 949 913 981 includatur
930 961 936 980 :

159 1007 241 1038 sicut
255 1008 331 1037 sunt
345 1006 421 1045 ista,
439 1006 475 1036 in
490 1005 607 1046 quibus
622 1004 797 1035 includitur
812 1014 937 1045 respec-

159 1062 211 1091 tus
226 1060 355 1091 unionis
369 1060 468 1091 unius
481 1061 606 1091 naturae
622 1059 662 1090 ad
676 1059 811 1090 alteram
823 1083 832 1097 ,
858 1058 939 1089 sicut

158 1114 271 1152 unire,
288 1114 476 1152 incarnari,
489 1121 648 1145 assumere
659 1137 668 1152 ,
685 1115 716 1144 et
731 1113 877 1152 ‹1558qu
889 1111 939 1143 vel

158 1168 287 1208 negatio
319 1167 455 1207 alicujus
471 1192 478 1205 ,
511 1169 604 1208 cnjus
631 1167 814 1208 oppositum
849 1166 939 1197 alteri

159 1222 327 1261 competit,
361 1222 442 1253 sicut
466 1223 627 1262 incipere,
653 1229 737 1260 esse,
761 1229 883 1258 creare,
909 1223 939 1252 et

159 1275 346 1314 consimilia,
364 1275 399 1306 in
414 1276 533 1316 quibus
547 1275 699 1307 instantia
715 1275 816 1306 fertur
829 1277 939 1306 contra

158 1328 307 1368 regulam
323 1329 547 1369 praehabitam,
563 1332 693 1370 propter
709 1339 838 1361 causam
853 1338 936 1369 prae-

158 1383 286 1414 dictam.

409 1481 579 1515 CAPUT
611 1482 682 1515 111.

244 1569 281 1595 De
300 1569 503 1602 Incamacione,
526 1571 657 1604 quantum
677 1569 713 1596 ad
730 1568 847 1596 modum.

198 1653 241 1685 De
256 1654 351 1685 modo
366 1655 593 1686 incarnationis
608 1655 669 1685 hoc
684 1654 860 1685 tenendum
875 1656 936 1693 est,

158 1707 242 1747 quod
262 1708 387 1747 Angelo
408 1708 578 1739 nuntiante
601 1707 727 1747 Virgini
748 1709 938 1748 mysterium

158 1761 386 1795 incarnationis
412 1762 642 1802 perficiendum
662 1762 695 1792 in
725 1762 811 1802 ipsa,
837 1762 938 1802 Virgo

159 1815 301 1853 credidit,
312 1815 455 1856 appetiit,
470 1817 500 1846 et
510 1815 689 1846 consensit:
705 1815 842 1856 Spiritus
850 1826 939 1847 sanc-

159 1869 210 1898 tus
225 1867 258 1898 in
277 1877 349 1899 eam
372 1869 556 1909 supervenit
570 1869 610 1899 ad
625 1869 890 1900 sanctificandum
907 1871 938 1900 et

159 1921 415 1960 fecundandum,
432 1923 525 1962 cujus
539 1922 658 1954 virtute
673 1922 774 1962 Virgo
796 1923 939 1963 concepit

159 1973 214 2005 Dei
235 1974 370 2014 Filium,
394 1985 490 2015 quem
522 1976 617 2015 virgo
646 1978 786 2016 peperit,
813 1979 843 2007 et
868 1979 939 2017 post

160 2029 290 2068 partum
323 2029 416 2069 virgo
444 2031 630 2070 permansit.
657 2030 806 2071 Concepit
830 2033 938 2062 autem

160 2090 226 2112 non
251 2082 355 2113 solum
379 2092 528 2122 carnem,
550 2094 664 2116 verum
689 2084 786 2115 etiam
809 2094 939 2115 carnem

161 2135 352 2175 animatam,
374 2139 405 2167 et
419 2137 523 2168 Verbo
548 2138 688 2177 unitam,
711 2138 791 2169 nulli
810 2141 938 2179 peccato

163 2189 347 2228 obnoxiam,
364 2190 418 2221 sed
430 2191 562 2222 omnino
577 2194 719 2222 sanctam
737 2194 768 2223 et
780 2192 937 2223 immacu-

161 2241 276 2281 latam,
298 2243 420 2274 ratione
444 2245 539 2284 cujus
559 2247 660 2276 mater
675 2246 732 2277 Dei
753 2245 888 2283 dicitur,
909 2248 940 2276 et

161 2299 207 2327 est
222 2296 407 2329 dulcissima
421 2298 522 2338 Virgo
537 2298 647 2330 Maria.

202 2351 292 2383 Ratio
309 2355 417 2384 autem
443 2354 481 2384 ad
500 2354 746 2394 intelligentiam
770 2355 940 2395 praedicto-

161 2414 237 2437 rum
255 2406 325 2437 haec
340 2409 387 2437 est
405 2418 411 2438 :
429 2407 505 2448 quia
520 2408 696 2439 incarnatio
711 2410 757 2438 est
772 2417 852 2448 opus
868 2418 937 2440 ma—

162 2468 242 2490 nans
255 2469 272 2490 a
288 2460 393 2500 primo
409 2461 581 2501 principio,
600 2462 633 2492 in
647 2464 804 2501 quantum
822 2466 869 2493 est
884 2472 938 2494 re-

163 2513 344 2551 parativum
369 2515 464 2546 modo
494 2516 784 2555 congruentissimo
804 2540 811 2552 ,
845 2517 939 2548 modo

164 2567 441 2607 communissimo,
458 2571 489 2599 et
501 2568 595 2599 modo
611 2569 868 2608 completissimo.
884 2571 940 2601 De-

994 897 1115 929 bonum
1131 907 1279 935 suasum3
1298 900 1329 928 et
1344 897 1482 928 charitas
1498 895 1636 936 Spiritus
1648 894 1749 926 sancti
1765 918 1772 932 ,

994 951 1193 982 sanctificans
1208 953 1239 982 et
1253 951 1427 982 fecundans
1450 950 1489 981 ad
1506 951 1695 989 conceptum
1710 948 1774 979 im-

994 1004 1192 1036 maculatum
1217 1016 1223 1036 :
1243 1007 1279 1036 ut
1294 1005 1338 1036 sic
1357 1004 1515 1035 contraria
1530 1002 1696 1034 contrariis
1718 1011 1775 1033 cu-

994 1061 1154 1098 rarentur,
1172 1069 1208 1090 ac
1227 1069 1284 1099 per
1305 1060 1384 1096 hoc,
1402 1059 1486 1090 sicut
1501 1058 1617 1090 mulier
1634 1066 1690 1098 per
1705 1057 1775 1088 dia-

994 1113 1104 1144 bolum
1121 1113 1266 1154 decepta,
1287 1115 1318 1144 et
1338 1123 1395 1153 per
1411 1114 1518 1144 virum
1541 1111 1773 1152 concupiscibi-

993 1167 1066 1199 liter
1081 1167 1212 1208 cognita
1226 1170 1257 1199 et
1270 1170 1438 1208 corrupta,
1459 1166 1634 1198 transfudit
1649 1166 1683 1196 in
1704 1174 1774 1196 om—

994 1232 1050 1253 nes
1065 1222 1204 1263 culpam,
1219 1223 1371 1253 morbum
1385 1225 1414 1254 et
1431 1224 1583 1259 mortem;
1599 1221 1644 1252 sic
1659 1220 1775 1251 mulier

994 1285 1051 1317 per
1065 1276 1227 1316 Angelum
1243 1277 1377 1315 erudita,
1396 1279 1426 1307 et
1441 1285 1497 1316 per
1513 1276 1668 1316 Spiritum
1682 1284 1774 1306 sanc-

996 1333 1063 1361 tum
1081 1331 1277 1361 sanctificata
1292 1332 1322 1361 et
1341 1330 1529 1369 fecundata,
1547 1330 1668 1370 absque
1687 1330 1775 1361 omni

995 1385 1199 1425 corruptione
1210 1387 1277 1416 tam
1289 1385 1404 1415 mentis
1417 1394 1517 1425 quam
1532 1384 1685 1424 corporis,
1700 1393 1773 1424 pro-

993 1438 1057 1469 lem
1073 1441 1258 1478 generaret,
1276 1448 1350 1479 quae
1370 1438 1521 1470 omnibus
1541 1438 1580 1469 ad
1600 1438 1703 1478 ipsam
1724 1446 1776 1468 ve-

994 1492 1157 1523 nientibus
1168 1493 1257 1524 daret
1272 1493 1598 1532 gratiam‚sanitatem
1613 1493 1643 1523 et
1659 1491 1772 1523 vitam.

1035 1545 1175 1584 Rursus,
1191 1546 1267 1586 quia
1282 1546 1459 1577 incarnatio
1473 1548 1520 1577 est
1535 1556 1554 1577 a
1568 1545 1673 1586 primo
1690 1545 1775 1584 prin-

995 1599 1078 1639 cipio
1092 1602 1260 1640 reparante
1276 1600 1370 1631 modo
1386 1599 1650 1631 communissimo
1668 1609 1674 1629 :
1696 1608 1775 1629 nam

995 1663 1051 1694 per
1073 1653 1216 1685 Verbum
1246 1655 1450 1686 incarnatum
1473 1656 1640 1695 reparatur
1666 1653 1774 1693 lapsus

995 1707 1166 1738 hominum
1193 1710 1223 1739 et
1239 1709 1448 1748 angelorum,
1467 1710 1577 1749 utpote
1596 1701 1789 1738 coelestium'

995 1763 1026 1792 et
1046 1762 1258 1801 terrestrium,
1276 1764 1307 1793 et
1331 1763 1503 1794 hominum
1520 1762 1630 1802 lapsus
1646 1771 1775 1802 repara-

995 1817 1047 1849 tur
1067 1817 1245 1848 secundum
1263 1820 1441 1858 utrumque
1460 1826 1574 1848 sexum
1591 1828 1597 1847 ε
1618 1819 1654 1848 ut
1674 1817 1775 1848 medi-

995 1873 1179 1902 camentum
1195 1872 1235 1901 sit
1250 1881 1421 1902 commune
1435 1872 1606 1909 omnibus,
1623 1871 1777 1901 decentis-

995 1924 1114 1954 simum
1129 1924 1188 1955 suit
1199 1925 1283 1964 quod
1296 1925 1336 1956 ad
1346 1925 1573 1956 incarnationis
1584 1924 1775 1965 mysterium

996 1978 1084 2008 fieret
1108 1987 1282 2009 concursus
1304 1979 1438 2018 Angeli,
1462 1978 1620 2017 mulieris,
1639 1980 1669 2009 et
1689 1978 1773 2009 viri:

995 2032 1112 2071 Angeli
1123 2056 1131 2071 ,
1148 2034 1183 2063 ut
1198 2032 1414 2063 denuntiantis
1427 2044 1434 2070 3
1455 2032 1598 2063 mulieris
1613 2031 1773 2071 Virginis,

995 2087 1031 2116 ut
1045 2086 1251 2126 concipientis
1263 2096 1271 2124 ;
1285 2086 1345 2117 viri
1361 2095 1438 2117 vero
1450 2110 1459 2124 ,
1478 2088 1515 2117 ut
1530 2088 1690 2126 conceptae
1704 2094 1776 2126 pro-

995 2139 1033 2169 lis
1057 2151 1063 2170 z
1090 2142 1126 2170 ut
1150 2140 1194 2170 sic
1219 2140 1357 2179 angelus
1381 2139 1506 2170 Gabriel
1530 2142 1610 2171 esset
1642 2140 1776 2170 nuntius

996 2192 1098 2224 Patris
1113 2195 1227 2224 aeterni
1237 2218 1244 2232 ,
1262 2194 1362 2233 Virgo
1377 2194 1582 2224 immaculata
1596 2196 1677 2224 esset
1691 2196 1776 2224 teu]-

996 2246 1087 2286 plum
1103 2246 1240 2287 Spiritus
1255 2248 1370 2286 sancti,
1394 2247 1498 2287 proles
1522 2249 1673 2287 concepta
1695 2249 1777 2278 esset

997 2300 1066 2340 ipsa
1077 2310 1214 2340 persona
1226 2301 1322 2333 Verbi
1340 2311 1347 2332 :
1364 2311 1399 2332 ac
1408 2311 1465 2342 per
1478 2302 1549 2340 hoc,
1562 2302 1595 2332 in
1611 2302 1776 2332 communi

997 2355 1198 2394 reparatione
1214 2355 1377 2393 omnium,
1398 2356 1578 2386 communis
1595 2357 1685 2387 tieret
1700 2365 1774 2387 con-

996 2417 1109 2438 cursus
1124 2403 1225 2439 tri'um
1241 2409 1282 2440 de
1301 2409 1417 2449 triplici
1439 2409 1617 2440 hierarchia
1631 2434 1638 2448 ,
1659 2409 1777 2450 seilicet

996 2461 1122 2499 divina,
1139 2462 1306 2501 angelica,
1325 2464 1355 2492 et
1373 2462 1531 2501 humana,
1553 2463 1592 2493 ad
1608 2463 1774 2494 insinuan-

996 2515 1074 2546 dum
1093 2526 1158 2547 non
1178 2517 1283 2548 solum
1310 2517 1486 2548 trinitatem
1514 2518 1551 2557 (α)
1570 2518 1634 2557 Dei,
1662 2528 1776 2549 verum

996 2570 1090 2600 etiam
1105 2572 1347 2610 generalitatem
1353 2571 1509 2609 beneficii,
1517 2572 1775 2602 etliberalitatcm

67 2628 131 2647 quam

60 2659 135 2673 colive·

60 2685 131 2705 niens.

165 2621 213 2649 cet
227 2619 313 2650 enim
326 2622 395 2661 ejus
409 2622 598 2662 sapientiam
623 2623 747 2662 operari
768 2632 911 2662 congrue
927 2648 936 2663 ,

165 2673 253 2704 decet
271 2674 341 2713 ejus
359 2674 541 2715 largitatem
557 2679 682 2716 operari
700 2677 935 2715 communiter,

164 2729 195 2757 et
210 2726 362 2758 virtulem
377 2729 502 2767 operari
521 2730 664 2768 pcrsectc.
684 2730 842 2767 Quoniam
859 2740 939 2770 ergo

996 2625 1186 2664 reparatoris
1210 2623 1342 2656 summi.
1364 2625 1401 2656 Et
1428 2626 1582 2665 quoniam
1605 2626 1775 2656 liberalitas
1792 2647 1895 2675 affigo

996 2675 1129 2717 Spiritui
1145 2675 1253 2710 sancto
1268 2680 1505 2719 appropriatur,
1523 2682 1552 2710 et
1566 2679 1774 2712 sanctificatio
1790 2679 1896 2713 ‘¹¹¹‚0m0d0

1799 2711 1885 2730 dicatur

1030 2742 1062 2772 (a)
1078 2743 1166 2774 Suppl.
1183 2744 1207 2767 in
1217 2743 1322 2770 unitate.
