2003 3037
58 800 86 821 Ju
89 806 121 820 ru-

13 831 120 852 mentum.

746 235 863 268 PART.
889 236 912 268 l.
937 236 1044 270 SECT.
1067 236 1148 269 xm.

139 304 296 336 tiendum.
314 304 372 336 nat
387 307 496 336 autem
515 305 610 336 talem
624 303 775 344 regulam
790 303 919 344 Augus-

139 358 226 390 tinus
240 359 267 397 ¹,
298 358 383 399 quod
408 359 528 399 quanto
561 357 682 398 aliquid
712 357 917 389 mendacium

138 412 246 452 magis
268 411 387 443 accedit
404 411 443 452 (a)
461 411 502 443 ad
524 411 682 452 primum,
703 411 789 442 tanto
812 412 917 451 majus

138 467 186 497 est
211 467 394 506 peccatum3
425 467 456 496 et
478 466 598 505 quanto
626 464 731 504 magis
755 464 872 496 recedit
898 474 917 495 a

137 519 241 559 primo
255 518 432 557 mendacio,
447 519 537 549 tanto
552 517 659 549 minus
675 520 721 549 est
736 520 914 558 peccatum.

178 572 252 604 Post
266 572 484 611 mendacium,
505 580 569 612 quo
592 571 710 603 veritas
727 571 912 612 destruitur,

137 626 283 666 sequitur
290 625 479 666 perjurium,
488 634 551 665 quo
560 625 677 656 veritas
685 626 911 657 contemnitur.

136 679 197 711 Sed
216 679 292 720 quia
309 679 490 720 perJurium
510 680 557 709 est
576 678 706 710 violatio
723 680 912 719 juramenti,

135 733 224 773 prius
240 732 416 764 videndum
433 734 480 763 est
499 733 537 763 de
552 733 738 772 juramento
753 735 912 773 quantum

135 786 174 817 ad
184 786 366 824 essentiam,
378 787 409 817 et
418 786 462 817 sic
472 787 583 826 jurare
596 788 642 817 est
652 786 801 817 invocare
813 787 912 818 Deum

134 840 168 871 in
180 841 293 871 testem
306 849 375 871 suae
389 839 573 878 locutionis;
591 841 748 880 quantum
763 840 801 870 ad
818 840 913 871 licen-

133 893 229 932 tiam,
253 896 284 925 et
304 893 349 924 sic
370 895 482 934 Jurare
504 893 577 924 licet
600 895 730 933 propter
751 903 861 934 pacem
882 897 913 925 et

129 947 289 987 justitiam
304 947 568 986 conservandam,
584 947 635 979 vel
649 948 823 979 amicitiam
839 957 912 979 con-

132 1001 340 1040 firmandam;
357 1003 486 1042 propter
506 1002 674 1033 veritatem
691 1003 909 1041 astruendam,

131 1055 163 1085 et
183 1054 229 1085 sic
254 1054 373 1086 Paulus
395 1055 579 1095 frequenter
601 1056 755 1095 ¹jurabat3
782 1059 912 1096 propter

130 1107 326 1139 calumniam
344 1108 527 1147 vitandam,
551 1109 633 1140 sicut
653 1111 764 1149 J'urant
779 1113 866 1141 actor
880 1113 911 1142 et

129 1170 220 1200 reus;
236 1162 367 1201 propter
381 1161 563 1192 fidelitatem
579 1164 782 1202 servandam,
800 1164 844 1194 sic
855 1166 909 1204 Ju-

129 1216 202 1246 rant
216 1215 374 1255 principes
389 1215 458 1255 regi
467 1226 474 1254 ;
491 1218 651 1256 quantum
663 1217 702 1248 ad
714 1217 862 1257 formam,
880 1221 911 1250 et

129 1268 174 1300 sic
188 1270 234 1299 est
249 1269 353 1300 forma
367 1279 528 1309 concessa,
547 1272 584 1301 ut
596 1271 707 1310 jurare
723 1280 779 1311 per
795 1272 908 1312 Deum,

130 1324 160 1353 et
174 1321 244 1353 haec
258 1322 420 1353 variatur:
438 1332 513 1354 nam
535 1323 569 1354 in
583 1324 689 1355 Veteri
709 1324 910 1357 Testamento

128 1378 293 1409 dicebatur
308 1389 315 1409 :
337 1378 429 1411 Vivit
444 1379 611 1418 Dominus,
628 1379 659 1410 id
676 1382 724 1411 est
737 1390 793 1421 per
808 1381 910 1413 Deum

128 1432 261 1470 vivum;
293 1432 326 1463 in
360 1432 499 1464 Ecclesia
527 1433 690 1473 primitiva
719 1434 883 1466 dicebatur
901 1447 908 1467 :

133 1486 232 1519 Testis
253 1490 299 1520 est
320 1487 403 1519 mim·
427 1487 526 1524 Deus⁷
549 1487 579 1518 id
602 1490 648 1518 est
671 1490 782 1519 testem
808 1489 909 1521 Deum

129 1539 242 1571 invoco
250 1551 258 1578 ;
285 1540 379 1571 modo
401 1549 478 1572 vero
502 1541 637 1572 dicitur:
660 1542 720 1573 Per
742 1543 858 1582 Delum
879 1547 910 1575 et

128 1595 176 1624 est
191 1594 292 1624 forma
307 1603 372 1625 non
388 1604 545 1633 concessa,
563 1598 599 1626 ut
615 1597 726 1634 J'urare
740 1605 796 1636 per
812 1597 905 1628 idola.

129 1646 292 1685 Quantum
308 1648 346 1678 ad
362 1648 503 1686 comites,
520 1650 550 1679 et
567 1648 610 1679 sic
625 1649 740 1680 dicitur
755 1651 839 1689 quod
852 1651 906 1690 ju-

127 1703 310 1732 ramentum
340 1703 405 1732 tres
424 1701 516 1733 debet
538 1703 668 1733 comites
689 1703 825 1742 habere,
845 1705 906 1735 sci-

127 1754 198 1785 licet
212 1754 394 1794 veritatem,
410 1764 484 1795 quae
499 1755 591 1786 debet
612 1765 679 1787 esse
694 1756 728 1787 in
743 1758 907 1788 conscien-

127 1808 181 1846 tia,
198 1810 234 1839 ut
248 1808 376 1839 noverit
390 1808 434 1840 ita
449 1817 532 1847 esse;
545 1809 713 1848 J'udicium,
726 1813 762 1840 ut
774 1810 906 1842 discrete

123 1862 224 1901 juret,
251 1863 281 1892 et
304 1871 377 1893 cum
405 1862 646 1899 deliberatione;
668 1863 843 1902 justitiam,
870 1866 906 1896 ut

127 1915 213 1955 quod
224 1916 354 1954 juratur
368 1915 408 1946 sit
421 1915 547 1946 licitum
560 1918 591 1946 et
603 1916 788 1948 honestum.
801 1917 906 1954 Quan-

88 2001 91 2003 ,
125 1971 194 1999 tum
214 1969 254 2000 ad
274 1969 484 2008 differentias,
501 1978 574 2010 quae
590 1973 663 2001 sunt
682 1971 770 2009 duae,
789 1971 905 2003 scilicet

121 2022 343 2061 ,iuramentum
356 2023 574 2061 assertorium,
588 2025 624 2054 ut
633 2024 761 2063 quando
771 2026 903 2064 juratur

125 2075 174 2106 vel
189 2075 227 2106 de
250 2076 414 2116 praesenti,
436 2076 488 2107 vel
507 2076 545 2107 de
567 2077 744 2116 praeterito,
769 2078 812 2108 ita
835 2088 903 2109 esse

123 2128 174 2159 vel
189 2129 301 2166 fuisse;
317 2129 576 2169 promissorium,
594 2132 629 2160 ut
646 2140 720 2161 cum
731 2132 821 2170 jurat
842 2132 900 2162 ali-

121 2182 193 2222 quis
210 2182 248 2213 de
258 2182 366 2213 futuro
377 2182 497 2222 aliquid
513 2192 545 2213 se
560 2184 731 2215 facturum.
749 2185 840 2216 Modo
857 2187 901 2217 vi—

121 2236 186 2267 deri
200 2238 301 2276 potest
313 2237 445 2276 perjurii
461 2237 619 2276 diffinitio,
637 2247 709 2277 quae
724 2241 770 2269 est
789 2240 859 2270 talis
870 2241 897 2271 ²:

120 2288 304 2329 Pcrjurium
318 2292 364 2320 est
379 2290 581 2321 mendacium
595 2292 778 2330 juramento
792 2293 900 2325 firma-

119 2344 201 2374 tum.
218 2342 324 2373 Potest
340 2343 436 2373 etiam
454 2343 555 2374 videri
570 2344 744 2383 distinctio,
759 2347 839 2386 'quae
854 2350 900 2378 est

120 2396 189 2427 haec
213 2407 219 2427 :
240 2408 255 2425 (ι
277 2396 460 2436 Perjurium
489 2397 604 2428 dicitur
628 2397 705 2429 falsa
723 2399 854 2438 juratio.
880 2413 894 2430 »

121 2449 211 2486 Item,
227 2458 378 2490 perversa
391 2450 526 2490 Juratio:
543 2451 629 2490 quod
644 2452 690 2489 fit,
707 2454 835 2492 quando
851 2458 898 2486 est

120 2501 267 2532 illicitum
286 2503 370 2542 quod
383 2504 522 2543 Juratur.
540 2503 645 2535 Tertio
659 2505 775 2536 dicitur
792 2509 895 2538 trans—

121 2556 244 2594 gressio
255 2557 442 2595 juramenti.

156 2641 252 2671 ¹Aug.,
270 2642 334 2665 cont.
350 2641 431 2666 Mend.
449 2642 482 2666 ad
499 2643 625 2674 Consent„
643 2651 665 2668 c.
681 2650 736 2669 ΧΠ.
754 2659 784 2662 -
804 2646 814 2662 ²
828 2647 896 2678 Mag.

123 2677 201 2706 Sena,
212 2676 255 2700 lib.
266 2677 308 2706 ΙΙΙ,
318 2677 376 2701 dist.
387 2683 480 2708 xxx1x;
492 2679 544 2703 vid.
555 2686 622 2711 sup.,
631 2682 729 2712 tom.V,
741 2688 798 2713 pagi
812 2684 897 2708 198.—

155 2725 188 2756 (a)
205 2726 265 2752 [lem
282 2725 393 2750 accedat.

1697 244 1756 274 357

1230 354 1381 390 SECTIO
1406 356 1496 390 XIII.

1044 440 1082 467 De
1101 440 1274 474 adulatione,
1295 441 1438 470 maledicto
1459 445 1484 470 et
1503 443 1674 472 detractione.

1011 520 1162 561 Sequitur
1181 522 1288 553 videre
1310 522 1348 554 de
1367 522 1566 562 adulatione,
1582 525 1752 558 maledicto

971 576 1002 605 ct
1017 574 1222 613 detractiOue,
1236 584 1308 616 quae
1322 578 1432 608 contra
1447 578 1668 610 rectitudinem
1683 579 1750 610 lau-

970 628 1018 659 dis
1033 630 1064 659 et
1079 628 1229 669 vituperii
1252 630 1510 662 committuntur.
1529 631 1677 663 Adulatio
1691 643 1750 664 au-

969 684 1033 712 tem
1049 681 1207 713 diffinitur
1222 683 1267 714 sic
1280 694 1286 714 :
1301 683 1450 715 Adulatio
1465 687 1512 715 est
1527 695 1633 717 sermo
1647 686 1751 718 laudis

969 735 1062 766 alicui
1076 735 1252 775 exhibitus,
1270 737 1447 768 intentione
1466 738 1623 778 placendi.
1640 740 1753 772 Distin-

969 788 1082 828 guitur
1104 791 1213 820 autem
1235 790 1297 822 sio:
1323 793 1371 822 est
1389 792 1476 822 enim
1497 793 1646 832 quaedam
1669 795 1750 826 adu-

967 841 1060 880 latio,
1086 852 1160 883 quae
1187 844 1309 874 bonum
1329 854 1394 876 non
1418 845 1565 877 habitum
1586 848 1750 886 attribuit:

967 896 1127 936 quaedam,
1141 906 1214 937 quae
1225 898 1372 928 habitum
1388 899 1522 939 extollit,
1537 899 1670 931 dicendo
1685 910 1751 933 ma-

964 951 1018 989 1Ῑυε
1029 960 1107 987 esse,
1122 960 1220 990 quam
1234 952 1289 989 sit;
1307 953 1455 992 quaedam
1472 956 1528 992 est,
1544 963 1617 994 quae
1629 955 1751 986 malum

966 1004 1079 1041 nutrit,
1096 1004 1256 1036 laudando
1272 1006 1406 1045 malum,
1422 1009 1453 1038 et
1468 1007 1600 1039 dicendo
1615 1018 1683 1040 esse
1698 1009 1751 1040 bo-

967 1066 1045 1087 num
1062 1059 1092 1088 et
1111 1058 1252 1096 licitum;
1276 1059 1361 1090 unde
1384 1060 1418 1090 in
1442 1060 1571 1093 Psalmo
1590 1061 1706 1112 dicitur
1720 1063 1747 1093 ³:

966 1109 1136 1142 Laudatur
1145 1114 1291 1150 peccator
1302 1113 1337 1143 τη
1353 1112 1528 1145 desideriis
1540 1115 1659 1146 animae
1671 1123 1749 1154 suoe,

966 1166 994 1195 et
1018 1164 1153 1204 iniquus
1178 1165 1396 1206 benedicitur,·
1424 1167 1571 1207 quaedam
1597 1171 1661 1207 est,
1686 1179 1750 1209 qua

966 1217 1063 1247 homo
1092 1218 1215 1249 homini
1243 1219 1313 1250 vult
1347 1220 1487 1260 placere,
1523 1230 1589 1252 non
1621 1225 1751 1262 propter

966 1270 1082 1309 Deum,
1100 1271 1195 1302 laude
1215 1274 1325 1303 tamen
1341 1282 1436 1312 vera3
1454 1274 1493 1305 de
1507 1283 1571 1314 qua
1586 1274 1704 1307 Paulus
1723 1279 1747 1307 ¹·:

966 1325 1008 1357 Si
1023 1325 1129 1357 adhuc
1144 1326 1326 1359 hominibus
1339 1328 1503 1367 placerem,
1522 1329 1555 1360 id
1565 1332 1611 1360 est
1626 1330 1750 1370 placere

967 1379 1083 1410 vellem
1106 1389 1170 1411 uon
1202 1383 1331 1421 propter
1353 1381 1468 1420 Deum,
1496 1382 1620 1415 Christi
1639 1391 1750 1416 servus

966 1440 1030 1464 non
1050 1441 1157 1465 essem.

1006 1487 1208 1518 Maledictum
1237 1489 1488 1529 quadrupliciter
1511 1491 1664 1524 variatur.
1697 1493 1749 1523 Est

967 1542 1054 1572 enim
1070 1542 1275 1573 maledictum
1293 1544 1520 1583 surreptionis,
1543 1545 1581 1576 de
1596 1555 1661 1585 quo
1675 1547 1750 1577 dicit

966 1595 1167 1634 Augustinus
1178 1596 1206 1626 ⁵:
1223 1607 1237 1625 «
1253 1596 1286 1626 Si
1302 1597 1388 1626 enim
1404 1606 1478 1628 cum
1496 1599 1584 1629 omni
1599 1600 1748 1631 facilitate

965 1651 995 1679 et
1005 1649 1182 1683 temeritate
1194 1649 1465 1690 maledixerimus,
1479 1653 1520 1683 ad
1535 1653 1669 1685 minima
1681 1664 1749 1694 per-

964 1703 1043 1734 tinet
1058 1706 1195 1743 peccat-a.
1213 1715 1228 1732 »
1241 1703 1394 1735 Lasciviae
1410 1707 1467 1743 est,
1482 1715 1556 1737 cum
1571 1707 1666 1739 alicui
1682 1718 1747 1740 non

964 1766 1004 1787 ex
1022 1757 1130 1788 animo
1147 1758 1385 1796 maledicimUS,
1402 1759 1440 1789 de
1456 1768 1520 1799 quo
1538 1760 1612 1791 dicit
1632 1761 1744 1792 Hiero—

963 1820 1098 1850 nymus:
1130 1823 1144 1839 t(
1159 1811 1220 1848 Qui
1240 1812 1379 1851 negligit
1401 1813 1466 1843 oris
1491 1813 1636 1845 maledici
1659 1824 1744 1846 rese-

963 1874 1035 1895 care
1056 1865 1335 1903 consuetudinem,
1362 1867 1419 1896 etsi
1441 1876 1507 1898 non
1529 1869 1622 1899 corde
1646 1869 1744 1899 male-

963 1919 1059 1956 dicat,
1077 1919 1315 1949 immunditiam
1331 1921 1438 1950 tamen
1451 1920 1624 1960 lablorum,
1637 1925 1666 1952 et
1681 1932 1709 1953 oi
1721 1923 1745 1952 is

962 1973 1244 2013 inquinamentum
1266 1974 1410 2004 incurrit.
1433 1984 1446 2002 n
1467 1974 1520 2006 Est
1543 1978 1573 2006 et
1592 1976 1745 2008 maledic-

961 2029 1030 2057 tum
1045 2027 1127 2066 odii,
1145 2028 1231 2067 quod
1247 2037 1286 2058 ex
1302 2028 1386 2059 malo
1406 2029 1499 2059 corde
1521 2030 1662 2069 procedit
1677 2031 1744 2062 zelo

960 2080 1122 2111 vindictae.
1139 2080 1294 2117 Quartum
1309 2084 1355 2112 est
1370 2082 1575 2113 maledictum
1587 2084 1739 2123 justitiae,

960 2135 1045 2174 quod
1061 2144 1100 2165 ex
1116 2135 1267 2165 charitate
1283 2135 1439 2174 procedit,
1458 2136 1575 2166 scilicet
1593 2146 1667 2167 cum
1684 2137 1741 2168 ali-

959 2188 1009 2217 cui
1029 2188 1131 2219 amico
1150 2191 1257 2218 nostro
1280 2189 1501 2220 maledicimus
1525 2190 1564 2220 ad
1583 2192 1653 2229 ers
1669 2200 1741 2222 cor-

958 2241 1141 2271 rectionem.
1161 2241 1202 2271 De
1219 2242 1268 2272 lus
1288 2242 1413 2272 duobus
1434 2242 1556 2273 ultimis
1571 2244 1646 2274 dicit
1663 2244 1739 2276 Gre-

960 2294 1072 2333 gorius
1087 2295 1116 2324 ὃ;
1143 2306 1157 2322 α
1179 2294 1344 2334 Scriptura
1369 2305 1460 2326 sacra
1487 2296 1612 2327 duobus
1638 2299 1740 2330 modis

958 2348 1161 2378 maledictum
1185 2351 1433 2386 commemorat;
1460 2349 1550 2380 aliud·
1571 2351 1657 2390 quod
1682 2362 1737 2392 ap-

957 2402 1083 2441 probat,
1106 2402 1192 2433 aliud
1211 2402 1294 2442 quod
1312 2403 1514 2434 condemnat.
1533 2404 1632 2435 Aliter
1652 2406 1737 2436 euim

957 2456 1115 2495 profertur
1133 2465 1241 2487 amore
1259 2456 1410 2495 justitiae,
1428 2457 1518 2488 aliter
1539 2467 1648 2489 amore
1664 2459 1735 2489 vin-

956 2509 1058 2539 dictae.
1074 2519 1088 2536 >³

996 2563 1151 2594 Detractio
1167 2564 1212 2594 sic
1227 2564 1384 2594 diffinitur
1397 2573 1403 2594 z
1421 2566 1578 2596 Detractio
1593 2568 1640 2596 est
1656 2566 1734 2597 alie-

1794 698 1874 719 Adula-

1767 729 1797 749 tio
1811 730 1873 756 quid.

1764 2589 1851 2609 Detrac-

955 2626 965 2642 ³
975 2626 1042 2650 Psal.
1058 2633 1084 2657 x,
1094 2628 1118 2650 3.
1129 2639 1159 2644 —-
1169 2627 1179 2644 ¹·
1188 2627 1312 2656 Galat.,1,
1328 2629 1400 2651 10.—
1410 2629 1420 2644 ⁵
1431 2629 1468 2651 Dc
1478 2628 1573 2659 Sanct,
1586 2636 1661 2653 serm.
1678 2636 1731 2659 xm,
1748 2620 1786 2640 ‘³⁰‘

955 2662 997 2692 qui
1010 2664 1048 2686 est
1059 2668 1110 2692 ριν,
1126 2670 1151 2687 n.
1164 2665 1187 2693 3,
1199 2663 1315 2693 Appeud.
1332 2665 1394 2687 tom.
1413 2665 1441 2693 V,
1454 2664 1520 2689 iuter
1531 2666 1606 2695 Oper.
1624 2666 1650 2689 S.
1668 2668 1731 2693 Aug.

954 2697 983 2720 tle
1001 2698 1085 2721 Αιιίιη.
1104 2698 1255 2729 desum-ton,
1277 2700 1335 2722 ante
1355 2700 1422 2724 med.
1442 2713 1471 2717 —-
1494 2701 1502 2713 ὃ
1525 2702 1611 2731 Greg„
1631 2701 1732 2732 Moral„

952 2733 994 2756 lib,
1014 2734 1054 2761 lV,
1069 2740 1091 2757 c.
1108 2740 1141 2758 vn
