2003 3037
120 273 185 294 Suffi-

114 304 193 324 cientia

110 335 201 362 triplicis

114 365 194 386 hierar-

100 398 153 417 chia·
166 403 206 417 1*oe-

118 427 186 449 lestis.

221 204 280 234 266

221 269 397 301 nominata.
423 267 651 308 Perspicacitas
678 269 786 300 autem
811 264 944 298 rationis
964 263 1000 294 in

221 320 479 362 contemplando,
500 322 558 352 aut
574 320 792 361 principaliter
813 319 941 360 respicit
959 316 999 348 ad

221 375 421 415 majestatem
446 373 592 405 divinam
615 373 850 411 venerandam,
875 373 933 403 aut
959 370 999 402 ad

219 429 387 461 veritatem
404 427 661 468 intelligendam,
684 430 740 459 aut
761 427 801 459 ad
822 426 999 458 bonitatem

218 482 482 514 desiderandam:
507 483 540 513 et
558 482 734 513 secundum
756 481 818 513 hoc
841 482 916 512 sunt
936 481 1000 510 tres

218 536 347 567 ordines
357 535 391 567 in
403 535 508 576 prima
520 535 714 574 hierarchia,
731 535 849 566 scilicet
863 532 999 570 Throni,

218 589 257 620 ad
281 598 361 629 quos
381 591 501 630 spectat
523 589 718 626 reverentia;
745 588 934 625 Cherubim,
960 586 1000 617 ad

219 653 300 684 quos
313 643 484 684 sapientia;
497 645 529 674 et
539 643 720 683 Seraphim,
733 643 772 674 ad
787 651 867 683 quos
882 644 1001 682 spectat

219 698 454 729 benevolentia.
472 697 522 729 Ad
539 697 711 738 perfectam
727 699 836 728 autem
853 696 1002 727 virtuosi·

220 754 317 783 tatem
331 754 451 792 spectat
464 752 570 783 virtus
584 751 785 792 imperativa,
803 751 907 782 virtus
924 759 1001 781 exe-

219 805 329 837 cutiva
349 808 380 837 et
403 806 507 837 virtus
528 805 728 845 expeditiva:
754 805 859 845 prima
882 804 921 835 ad
944 804 1002 835 Do-

219 859 425 898 minatIOnes,
442 859 581 891 secunda
595 859 635 891 ad
646 858 799 897 virtutes,
815 860 908 890 tertia
925 868 1001 890 vero

219 913 259 944 ad
274 913 448 944 Potestates
462 915 591 954 spectat,
608 922 746 953 quarum
763 915 811 944 est
826 922 934 943 arcere
951 921 1002 952 po-

220 968 348 998 testates
367 967 553 998 contrarias.
571 967 618 998 Ad
642 967 812 1008 perfectam
835 975 911 997 vero
930 967 1000 997 osn-

220 1021 397 1052 ciositatem
413 1022 533 1061 spectat
547 1029 678 1060 regere,
699 1020 857 1057 revelare,
876 1022 907 1050 et
922 1019 1004 1050 rele-

221 1083 308 1105 vare.
323 1074 469 1105 Primum
488 1076 534 1105 est
550 1073 790 1114 Principatuum
801 1098 808 1111 ,
825 1073 1001 1104 secundum

221 1127 516 1167 Archangclorum,
538 1127 668 1158 tertium
692 1127 909 1167 Angelorum,
927 1127 1002 1167 quia

221 1181 404 1213 custodiunt
418 1191 456 1212 ne
470 1183 588 1212 stantes
601 1181 726 1218 cadant,
744 1183 775 1211 et
789 1180 936 1211 cadentes
951 1179 1002 1211 ad-

216 1238 335 1276 Juvant
350 1239 385 1267 ut
408 1238 593 1276 resurgant.
611 1235 648 1267 Et
663 1235 707 1265 sie
731 1237 815 1276 patet
832 1235 918 1275 quod
934 1235 1002 1266 naec

220 1291 328 1321 omnia
344 1290 462 1321 suntin
479 1290 577 1321 beatis
588 1289 723 1329 angelis,
737 1289 914 1320 secuudum
931 1289 1002 1329 plus

220 1347 251 1375 61
267 1345 389 1383 miuus,
415 1344 575 1384 gradatim
595 1354 614 1374 a
636 1344 856 1384 superioribus
871 1344 999 1375 descen-

220 1398 322 1428 dendo
344 1407 446 1438 usque
465 1398 503 1428 ad
524 1398 599 1429 ima.
625 1398 708 1429 01111)
727 1400 835 1428 autem
855 1397 1001 1428 denomi-

221 1453 290 1483 nari
310 1453 403 1483 debet
426 1453 465 1483 ab
486 1462 539 1491 eo,
563 1452 648 1493 quod
668 1452 875 1483 excellentius
889 1452 1002 1492 accipit

222 1507 254 1537 in
271 1515 417 1538 munere.

470 1602 571 1636 CAP
586 1602 648 1635 UT
686 1602 749 1635 IX.

245 1692 281 1717 De
296 1691 476 1726 'productione
496 1691 612 1717 hominis
632 1693 761 1725 quantum
781 1691 818 1717 ad
836 1691 977 1725 spiritum.

264 1776 336 1807 Post
352 1778 498 1806 naturam
517 1785 591 1806 vero
608 1786 792 1816 corport'sstl]
809 1779 839 1806 et
855 1776 1000 1816 incorpo-

222 1839 328 1867 ream,
357 1829 490 1860 dicenda
521 1832 598 1860 511111
626 1830 732 1869 aliqua
755 1830 792 1859 ‹le
823 1833 935 1860 natura
964 1839 1003 1860 ex

223 1884 368 1923 utrisque
382 1884 556 1923 composita
570 1895 576 1914 z
596 1883 696 1923 primo
710 1893 748 1913 ex
765 1886 854 1923 parte
871 1883 1000 1919 mentis;

224 1937 362 1968 seeundo
380 1947 420 1967 ex
442 1940 529 1977 parte
543 1937 664 1974 caruis3
683 1938 775 1967 tertio
791 1947 829 1967 ex
850 1941 937 1977 parte
955 1940 1000 1967 to-

148 2012 150 2021 ,
171 2010 195 2022 ,J
226 1991 287 2020 tius
304 1990 456 2020 hominis.
480 1991 521 2021 lle
537 1991 643 2021 anima
661 1992 760 2030 igitur
775 1991 919 2021 rationali
935 1991 1003 2021 ham

153 2042 201 2085 ‘2¹³'
227 2044 259 2074 in
283 2053 412 2074 summa
431 2044 566 2074 tem-ndu
585 2047 659 2075 sunt
677 2045 856 2074 sei-undum
881 2053 1003 2074 sacram

225 2097 415 2134 doctrinam,
434 2098 550 2127 scili-*vt
567 2098 652 2137 quod
670 2099 737 2137 ipsa
752 2100 798 2128 est
818 2098 920 2128 forma
935 2107 1002 2134 ens,

226 2151 348 2189 vivens,
362 2152 556 2191 intelligens,
569 2155 598 2182 et
612 2152 755 2182 libertate
770 2155 873 2182 utens.
888 2151 1004 2182 Forma

225 2205 354 2245 quidem
369 2215 426 2237 ens
442 2215 505 2237 non
522 2216 540 2236 a
555 2206 674 2245 seipsa,
697 2216 754 2236 nee
769 2206 808 2237 dc
822 2206 931 2236 dimna
946 2215 1002 2236 na-

225 2262 313 2299 tura,
329 2260 383 2291 sed
398 2271 416 2291 a
433 2260 495 2291 Deo
515 2261 554 2291 de
570 2260 669 2291 nihilo
688 2269 745 2300 per
760 2260 955 2291 creationem
972 2260 1004 2289 in

225 2322 293 2344 esse
312 2314 457 2345 deducta.
477 2313 592 2345 Forma
612 2316 721 2345 antem
746 2314 859 2344 vivens
879 2322 943 2344 non
965 2322 1005 2344 ex

226 2370 341 2398 natura
351 2368 540 2404 extrinseca,
555 2368 608 2398 sed
623 2367 743 2407 seipsa;
762 2376 825 2398 non
842 2368 908 2398 vita
925 2376 1006 2397 mor-

227 2421 295 2458 tali,
317 2421 370 2451 sed
394 2421 458 2451 vita
481 2424 643 2461 perpetua.
664 2420 779 2451 Forma
798 2430 873 2451 vero
888 2420 1004 2451 intelli-

227 2483 307 2512 gens
322 2474 329 2490 ¹
348 2483 410 2503 non
428 2476 552 2504 tantum
567 2477 723 2511 creatam,
741 2475 794 2504 sed
810 2475 905 2505 etiam
921 2483 1006 2504 crea-

227 2526 338 2557 tricem
353 2527 532 2563 essentiam,
553 2527 592 2558 ad
612 2528 705 2568 cujus
729 2527 906 2567 imaginem
925 2527 1006 2557 saeta

227 2583 274 2611 est
287 2589 343 2620 per
357 2581 556 2619 memoriam,
575 2582 829 2621 intelligentiam,
845 2583 876 2612 et
891 2581 1007 2612 volun-

263 2661 270 2676 ¹
287 2661 319 2684 De
334 2660 400 2691 Spita
416 2662 438 2683 et
456 2662 549 2688 Anum,
567 2669 588 2684 e.
607 2667 683 2691 xxxv,
696 2662 761 2685 inter
777 2664 860 2692 opera
872 2661 896 2685 S.
913 2663 1007 2691 Angus-

229 2696 284 2727 tini,
299 2699 362 2721 tom.
380 2697 422 2726 Vl,
437 2697 559 2729 append„
575 2697 634 2721 edit.
650 2697 781 2722 Benedici..

807 193 1062 234 BREVILOQUII
1084 193 1188 226 PARS
1212 194 1251 225 11.

1055 263 1166 294 tatem.
1181 260 1300 294 Forma
1317 261 1464 294 libertate
1481 264 1592 302 utens,
1616 263 1692 304 quia
1708 272 1836 305 semper

1056 319 1105 348 est
1114 316 1216 348 libera
1225 325 1244 348 a
1253 317 1426 348 coactione.
1439 316 1466 348 Α
1481 316 1610 348 miseria
1618 325 1696 349 vcro
1705 319 1836 350 6160116-

1055 369 1142 401 tione
1160 369 1264 401 libera
1287 370 1346 401 ruit
1368 370 1403 401 in
1425 372 1512 402 statu
1533 371 1741 410 innocentiae,
1763 371 1838 404 licet

1056 432 1122 455 non
1142 423 1178 455 iu
1195 425 1279 455 statu
1302 427 1426 455 naturae
1445 424 1553 464 lapsae.
1571 423 1646 457 Haec
1667 424 1798 457 libertas
1816 435 1837 458 a

1056 477 1216 509 coactione
1234 477 1315 509 nihil
1328 478 1421 518 ¹aliud
1441 481 1488 510 est
1511 488 1610 519 quam
1629 479 1763 512 facultas
1779 488 1835 512 vo·

1056 529 1187 562 luntatis
1206 533 1238 562 et
1251 531 1398 571 rationis,
1416 541 1490 573 quae
1505 534 1581 564 sunt
1602 533 1753 573 potentiae
1767 532 1836 565 ani-

1057 592 1120 615 mae
1137 584 1338 625 principales.

1099 636 1190 669 Ratio
1204 640 1315 669 autem
1336 639 1374 670 aii
1399 639 1648 680 intelligentiam
1670 640 1838 681 praedicto-

1058 700 1132 722 rum
1147 690 1218 722 haec
1232 693 1295 723 est:
1312 692 1388 732 quia
1401 702 1474 724 cum
1490 694 1631 734 primum
1643 694 1840 735 principium

1059 745 1100 776 sit
1114 745 1335 776 beatissimum
1350 748 1380 777 et
1394 746 1748 786 benevolentissimum,
1767 747 1840 778 ideo

1058 809 1117 831 sua
1132 809 1260 831 summa
1270 800 1493 832 benevolentia
1502 801 1735 834 beatitudinem
1747 811 1840 834 suam

1059 855 1275 886 communicat
1298 857 1472 894 creaturae,
1504 864 1570 887 non
1593 858 1719 888 tantum
1744 857 1840 898 spiri-

1059 909 1135 940 tuali
1151 911 1183 939 et
1195 909 1363 949 proximae,
1379 909 1434 940 sed
1448 909 1544 941 etiam
1557 911 1712 951 corporali
1727 913 1758 942 et
1774 911 1838 943 lon-

1061 962 1203 1003 ginquae.
1215 962 1374 1003 Corporali
1386 965 1494 994 tamen
1508 965 1540 994 et
1553 963 1742 1005 longinquae
1756 974 1841 996 com-

1060 1017 1201 1047 municat
1226 1017 1377 1055 mediate,
1398 1018 1476 1057 quia
1494 1017 1547 1048 lex
1571 1017 1746 1049 divinitatis
1770 1018 1841 1051 haec

1059 1072 1117 1108 est,
1129 1072 1166 1100 ut
1181 1070 1293 1101 infima
1304 1079 1360 1110 per
1377 1071 1480 1102 media
1491 1071 1685 1103 reducantur
1699 1072 1740 1103 ad
1755 1082 1841 1104 sum-

1059 1132 1123 1154 ma.
1137 1123 1174 1154 Et
1184 1123 1254 1154 ideo
1270 1133 1334 1154 non
1353 1126 1477 1155 tantum
1492 1125 1639 1165 spiritum
1655 1125 1840 1165 angelicum

1059 1179 1090 1208 et
1105 1179 1289 1217 separatum
1305 1177 1375 1208 feeit
1390 1178 1630 1210 beatificabilem
1643 1203 1651 1217 ‚
1671 1179 1725 1210 sed
1742 1179 1839 1211 etiam

1059 1231 1208 1270 spiritum
1239 1232 1447 1271 conjunctum
1460 1256 1468 1271 ,
1498 1232 1615 1263 scilicet
1643 1232 1837 1265 humanum.

1059 1285 1113 1317 Est
1129 1287 1230 1326 igitur
1249 1287 1354 1318 anima
1378 1288 1540 1318 rationalis
1561 1288 1663 1318 forma
1677 1287 1839 1320 beatifica-

1060 1340 1140 1371 bitis.
1160 1340 1195 1371 Et
1210 1341 1285 1381 qnia
1301 1341 1339 1371 ad
1357 1341 1562 1372 beatitudinis
1578 1341 1749 1381 praemium
1765 1351 1836 1383 per-

1060 1394 1169 1425 venire
1183 1404 1247 1425 non
1263 1397 1310 1425 est
1327 1395 1505 1434 gloriosum
1523 1395 1582 1425 nisi
1600 1405 1656 1436 per
1671 1396 1836 1435 meritum,

1059 1457 1116 1478 nec
1132 1449 1247 1479 mereri
1264 1449 1419 1488 contingit
1435 1449 1492 1479 nisi
1511 1449 1543 1479 in
1560 1458 1609 1487 eo,
1627 1449 1711 1490 quod
1728 1449 1840 1480 volun-

1059 1502 1137 1532 tarie
1152 1504 1183 1531 et
1197 1501 1294 1532 libere
1307 1502 1357 1540 fir,
1375 1501 1445 1532 ideo
1459 1502 1576 1533 animae
1590 1502 1734 1533 rationali
1747 1501 1840 1533 liber-

1059 1557 1155 1586 tatem
1171 1555 1293 1585 arbitrii
1313 1555 1381 1585 «lari
1400 1556 1539 1596 oportuit
1556 1565 1611 1596 per
1626 1555 1838 1587 remotionem

1058 1608 1162 1639 omnis
1175 1609 1346 1639 coactionis
1363 1620 1369 1639 z
1387 1609 1462 1649 quia
1476 1609 1536 1639 hoc
1551 1612 1597 1639 est
1611 1609 1649 1640 (le
1665 1611 1778 1640 natura
1787 1619 1840 1641 vo·

1059 1662 1206 1698 luntatiS,
1224 1664 1261 1692 ut
1276 1661 1458 1692 nullatenus
1479 1663 1573 1702 possit
1589 1662 1681 1702 cogi,
1696 1661 1769 1693 lieet
1784 1672 1840 1703 per

1059 1718 1185 1758 culpam
1213 1717 1329 1747 misera
1358 1717 1514 1747 efficiatur
1536 1720 1565 1747 et
1593 1726 1686 1747 serva
1710 1717 1838 1758 peccati.

1060 1771 1196 1809 Rursus,
1221 1771 1297 1811 quia
1320 1772 1422 1802 forma
1444 1771 1661 1802 beatificaliilis
1678 1772 1725 1801 est
1741 1780 1841 1811 capax

1061 1825 1112 1856 Ilei
1131 1834 1186 1864 per
1201 1825 1400 1863 memoriam,
1414 1825 1671 1864 intelligentiam,
1685 1827 1715 1855 et
1730 1824 1841 1855 volun-

1060 1881 1175 1915 tatem;
1193 1881 1223 1908 et
1239 1879 1298 1909 ime
1318 1881 1365 1909 est
1379 1888 1446 1908 esse
1461 1878 1500 1909 ad
1516 1878 1693 1918 imaginem
1709 1877 1842 1909 Trinita-

1061 1933 1113 1970 tis,
1133 1935 1260 1973 propter
1282 1933 1433 1962 unitatem
1452 1933 1483 1962 in
1499 1933 1650 1970 essentia,
1670 1931 1840 1963 6111111113-

1060 1990 1124 2017 tem
1146 1987 1175 2017 in
1199 1987 1365 2026 potentiis:
1385 1987 1453 2017 ideo
1469 1987 1610 2017 animam
1629 1986 1770 2017 hominis
1785 1995 1841 2017 ne-

1060 2049 1146 2071 eesse
1162 2041 1218 2070 suit
1235 2050 1301 2070 esse
1318 2040 1547 2079 intelligentem
1565 2039 1705 2070 061111161
1719 2039 1838 2078 omnia,

1061 2105 1095 2125 ae
1114 2104 1169 2135 per
1186 2094 1244 2124 1100
1260 2094 1402 2129 imagine
1424 2093 1475 2124 Dei
1492 2093 1689 2133 insignitam.
1708 2093 1745 2124 Et
1763 2093 1840 2133 quia

1062 2149 1139 2178 nihil
1156 2148 1284 2178 beatum
1306 2149 1407 2187 potest
1427 2147 1657 2177 beatitudinem
1673 2146 1836 2186 amittere,

1062 2202 1141 2232 1111111
1162 2204 1283 2241 poterat
1299 2210 1365 2231 esse
1380 2200 1606 2238 beatificabile,
1624 2201 1683 2231 nisi
1698 2202 1781 2231 esset
1793 2201 1840 2230 in-

1061 2255 1267 2295 corruptibile
1278 2258 1305 2285 et
1320 2255 1514 2285 immortale:
1528 2263 1652 2284 necesse
1664 2254 1766 2293 igitur
1779 2252 1839 2284 suit,

1061 2309 1201 2339 animam
1226 2308 1412 2339 rationalem
1434 2307 1607 2338 immortali
1634 2307 1699 2337 vita
1725 2306 1763 2336 de
1788 2306 1839 2337 sui

1062 2365 1175 2393 natura
1191 2371 1258 2392 esse
1274 2362 1445 2392 viventem.
1461 2361 1635 2398 Postremo,
1653 2359 1728 2400 quia
1744 2368 1841 2390 omne

1061 2416 1146 2456 quod
1166 2416 1205 2446 ab
1226 2415 1288 2446 alio
1308 2415 1516 2446 heatissealiile
1533 2416 1579 2445 651
1595 2416 1625 2444 et
1642 2413 1837 2451 immortale,

1062 2472 1108 2500 est
1127 2468 1278 2499 imitabile
1294 2468 1470 2500 secundum
1490 2469 1571 2498 bene
1586 2477 1670 2505 esse,
1690 2470 1717 2498 et
1736 2467 1839 2497 incor-

1063 2523 1211 2564 ruptibile
1227 2523 1401 2553 secundnm
1423 2531 1508 2559 esse;
1527 2521 1597 2552 ideo
1617 2521 1723 2552 anima
1746 2530 1803 2553 nec
1822 2530 1841 2553 a

1063 2586 1096 2607 se
1109 2580 1166 2615 est,
1178 2586 1237 2607 nec
1252 2577 1289 2607 cle
1304 2576 1413 2607 divina
1425 2577 1550 2613 natura,
1569 2575 1643 2615 quia
1659 2575 1838 2614 mutabilis;

1065 2641 1121 2661 nee
1145 2630 1297 2670 producta
1320 2630 1357 2661 de
1381 2629 1502 2669 aliquo,
1531 2638 1588 2660 nec
1613 2638 1669 2669 per
1690 2632 1841 2661 naturam

1064 2687 1231 2726 generata,
1250 2684 1324 2723 quia
1339 2687 1385 2715 est
1402 2683 1590 2714 immortalis
1604 2686 1635 2714 et
1649 2682 1842 2724 incorrupti-

1871 1301 1948 1323 Anima

1862 1333 1953 1358 rationa-

1853 1364 1880 1385 lis
1891 1364 1961 1384 heni-

1867 1395 1948 1416 tudinis

1871 1432 1947 1454 capax.

1856 1783 1960 1804 Voluntas

1855 1821 1903 1842 eug!
1919 1821 1961 1836 ΙΙΟΙΙ

1871 1849 1948 1874 polest.
1998 1863 2003 1866 .

1873 2106 1949 2126 Anima

1856 2136 1962 2162 qno-nodo

1878 2168 1947 2195 imago

1880 2198 1917 2219 nei
1924 2214 1929 2220 .
