2003 3037
153 711 221 732 Diffe-

138 744 209 765 tentia

124 781 218 803 generu-

117 807 145 828 lis
155 807 222 827 douo-

117 844 176 859 rum.

158 2167 230 2187 Beati-

126 2199 231 2219 tudinum

134 2236 223 2250 enunie-

128 2261 182 2281 ratio

153 2294 210 2311 siuti-

129 2323 214 2343 ricutia.

235 200 296 231 416

236 265 338 297 ciente
349 288 358 303 ‚
374 263 491 294 scilicet
499 260 669 300 inchoata,
684 261 717 292 et
728 259 773 292 sic
784 261 833 292 est
845 259 943 290 timor
954 258 1015 290 ini-

236 318 336 355 tialis;
348 318 405 348 aut
413 315 543 356 agratia
552 315 701 356 perfecta,
713 316 745 345 et
755 313 801 345 sic
810 315 857 345 est
867 313 963 344 timor
972 313 1013 352 (a)

236 370 353 402 filialis.
370 369 408 402 Et
421 370 481 401 iste
496 369 611 400 dicitur
626 367 816 404 amicabilis,
833 367 884 398 vel
900 367 1015 397 amica-

236 424 290 462 lis,
311 424 387 464 quia
410 423 503 454 timet
526 421 731 454 voluntatum
761 421 1011 457 dissensionem;

237 480 358 516 castus,
375 477 452 518 quia
466 476 556 507 timet
567 475 673 516 sponsi
685 474 872 515 complexus
885 482 1012 513 separa-

235 531 375 570 tionem3
400 530 518 566 filialis,
541 529 614 570 quia
632 529 722 560 timet
743 528 842 568 patris
862 526 1013 566 indigna-

237 585 372 623 tionem3
389 586 538 622 sanetus,
555 583 632 624 quia
645 582 736 614 timet
751 582 784 612 in
801 580 950 612 omnibns
965 581 1016 611 in-

236 639 468 683 quinationem.

279 691 321 723 De
335 691 470 732 Spiritus
485 690 586 722 sancti
605 689 697 722 donis
712 691 789 720 nota
804 688 1016 719 diflerentiam

237 745 433 786 generalem.
452 740 532 776 Nam
547 744 709 786 quoddam
723 743 846 774 donum
858 745 934 774 esta
949 742 1017 782 Spi-

237 799 302 831 ritu
315 801 438 838 saneto,
447 802 479 830 et
488 807 658 839 nunquam
669 806 742 828 cum
755 796 876 837 Spiritu
889 798 1014 834 sancto;

237 854 282 885 sic
297 856 344 885 est
358 854 456 885 timor
471 853 596 884 servilis
607 877 615 891 ‚
629 852 662 882 in
678 860 742 892 quo
757 851 846 890 viget
867 850 1017 881 voluntas

238 907 403 948 peccandi,
415 909 441 938 si
452 907 627 947 impunitas
640 907 834 946 speraretur.
849 903 1016 942 Quoddam

237 971 256 993 a
273 961 393 1002 Spiritu
412 963 537 999 sancto,
564 962 595 991 et
613 968 782 1000 nunquam
807 958 874 989 sine
897 957 1018 998 Spiritu

238 1017 366 1053 sanct0;
384 1017 415 1046 et
429 1015 473 1046 sic
488 1016 535 1045 est
550 1014 672 1046 donum
694 1012 873 1049 charitatis,
897 1013 927 1042 et
941 1020 1016 1051 gra-

238 1070 292 1101 tiae
308 1072 438 1109 gratum
452 1068 607 1099 facientis.
624 1067 789 1104 Quoddani
805 1068 852 1097 est
866 1075 885 1096 a
899 1064 1019 1105 Spiritu

238 1126 363 1161 sancto,
384 1125 414 1153 et
429 1123 532 1162 potest
561 1130 630 1152 esse
653 1129 727 1151 cum
753 1119 873 1159 Spiritu
894 1121 1018 1155 sancto,

239 1180 270 1208 et
284 1177 352 1207 sine
367 1176 489 1216 Spiritu
512 1178 635 1212 sancto,
654 1176 688 1204 ut
705 1175 753 1204 est
774 1173 895 1203 donum
915 1172 1018 1203 scien-

239 1232 314 1268 tiae,
338 1232 370 1261 et
393 1230 514 1261 donum
542 1228 736 1269 prophetiae,
763 1228 888 1257 caeterae
905 1225 1020 1265 gratiae

241 1285 340 1324 gratis
354 1284 449 1316 datae.

483 1396 633 1431 SECTIO
656 1396 775 1429 XLVI.

242 1495 279 1520 De
303 1492 530 1525 beatitudinibus,
556 1493 579 1518 ct
603 1492 661 1517 vita
684 1491 788 1520 aetina,
814 1497 872 1516 cnm
896 1489 1021 1523 operibus

277 1537 482 1569 misericoraeliae3
500 1539 522 1563 et
538 1535 569 1562 (lc
583 1536 642 1561 rita
662 1534 870 1569 contemplativa.
884 1541 942 1560 cum
958 1541 1021 1560 ora-

278 1583 365 1613 tione,
391 1583 414 1608 ct
438 1580 576 1608 duodecim
602 1580 755 1613 fructibus,
780 1582 805 1605 et
827 1580 944 1613 quinquo
965 1586 1021 1605 sen-

276 1628 357 1655 sibus.

284 1716 411 1754 Septem
426 1716 502 1745 suut
519 1713 740 1749 beatitudines,
759 1721 839 1752 quas
854 1714 1023 1742 enumerat

243 1768 389 1799 Salvator
404 1768 437 1798 in
456 1770 561 1797 monte
575 1791 582 1803 ,
606 1767 722 1796 scilicet
739 1768 910 1805 paupertas
926 1765 1021 1805 spiri·

243 1824 295 1852 tus
308 1846 316 1860 ‚
344 1821 479 1857 militas,
508 1820 610 1850 luctus
622 1844 630 1857 ,
656 1820 777 1849 esuries
796 1819 951 1859 jiistitiae,
977 1819 1024 1848 as-

247 1876 348 1906 fectus
378 1873 604 1905 misericordiae
618 1898 626 1911 ,
652 1873 810 1903 munditia
839 1872 941 1903 cordis
954 1897 961 1909 ,
994 1874 1025 1902 et

246 1938 320 1968 pax.
339 1928 426 1958 Circa
442 1927 655 1957 lwatitudines
670 1927 826 1957 habemus
842 1926 950 1956 videre
963 1935 1022 1956 uu-

244 1991 386 2017 merum,
406 1980 629 2010 sufficientiam
643 2003 651 2017 ‚
669 1980 743 2009 vitae
765 1979 898 2018 duplicis
918 1978 1021 2009 excel-

244 2036 392 2071 lentiam,
410 2044 486 2064 usus
502 2034 635 2072 duplicis
654 2033 926 2072 ccmscqurutiam.
943 2032 1024 2062 Sunt

245 2091 353 2119 autem
363 2086 575 2118 beatitudines
591 2096 726 2117 numero
737 2089 868 2126 septem,
883 2096 1022 2125 quarum

246 2142 326 2173 ratio
342 2145 371 2172 et
387 2141 579 2172 sufficieutia
596 2141 640 2170 sic
655 2141 807 2180 accipitur
824 2150 831 2170 :
850 2140 1023 2170 Beatitudi-

247 2206 302 2227 nes
319 2197 393 2226 suut
417 2195 455 2225 ad
479 2194 634 2235 potentias
659 2194 776 2224 animae
801 2194 1020 2233 perficiendas.

212 2264 231 2281 t:
248 2249 295 2280 Ad
312 2249 475 2288 integram
499 2251 607 2278 autem
624 2247 849 2287 perfectionem
870 2247 930 2277 tria
946 2256 1025 2287 prae-

249 2303 340 2342 cipua
353 2303 574 2341 requiruntur,
590 2301 707 2330 scilicet
715 2301 873 2340 perfectus
884 2310 1026 2331 recessus

250 2367 268 2387 a
283 2357 367 2387 malo
379 2380 386 2393 ,
404 2357 559 2396 perfectus
576 2356 733 2395 profectus
751 2355 782 2384 iu
797 2355 896 2392 bono,
911 2358 940 2385 ct
959 2364 1026 2394 per-

250 2411 348 2441 fectus
364 2413 465 2441 status
482 2411 513 2439 iu
530 2409 660 2449 optimo.
687 2408 806 2438 Malum
822 2411 929 2438 autem
951 2418 1025 2448 pro-

250 2464 331 2494 cedit
345 2466 399 2494 aut
415 2473 432 2493 a
448 2466 573 2493 tumore
588 2462 759 2501 superbire,
776 2472 795 2492 a
810 2472 874 2501 quo
892 2462 1025 2501 elonga-

251 2526 324 2547 mur
339 2526 394 2556 per
410 2518 628 2556 paupertatem
650 2515 794 2554 spiritus;
813 2518 868 2545 aut
888 2524 929 2545 ex
954 2524 1026 2546 ran-

250 2579 322 2600 core
338 2570 466 2600 malitia:
478 2594 485 2607 ,
504 2578 600 2609 aquo
624 2568 817 2607 elongamur
832 2576 888 2607 per
906 2568 1024 2598 mitita-

250 2626 314 2654 tem
326 2635 334 2661 ;
348 2625 452 2654 autex
465 2623 622 2662 languore
632 2622 911 2662 concupiscentiae,
927 2632 945 2652 a
962 2632 1026 2662 quo

250 2677 441 2717 elongamur
470 2686 525 2717 per
558 2677 690 2708 luctum.
730 2676 891 2708 Perfectus
918 2678 1025 2707 autem

848 214 849 217 η
888 187 1197 232 CENTILOQUIUM,

1068 259 1239 300 profectus,
1256 258 1307 290 vel
1319 267 1488 300 processus
1500 259 1535 291 in
1549 259 1650 298 hono,
1666 262 1714 292 est
1728 269 1846 293 secun-

1069 313 1146 344 dum
1155 312 1369 344 imitationem
1377 312 1532 344 divinam.
1546 312 1710 347 Universoe
1718 315 1829 346 autem
1835 317 1845 334 ¹

1069 367 1133 398 vioe
1161 367 1290 399 Domini
1312 369 1389 399 sunt
1409 366 1633 399 misericordia
1654 370 1684 400 et
1701 367 1846 407 veritas,

1070 428 1144 460 quae
1158 429 1216 460 pro
1235 420 1363 460 justitia
1378 420 1519 460 ponitur.
1537 419 1638 451 Deum
1650 421 1777 461 ,iustum
1789 429 1847 462 per

1069 473 1210 504 esuriem
1222 474 1355 514 Justitiae
1369 473 1554 512 imitamur;
1572 473 1635 506 Deo
1649 473 1848 506 misericordi

1069 536 1126 568 per
1153 527 1303 558 effectum
1335 527 1561 558 misericordiae
1595 528 1848 560 conformamur.

1070 580 1232 612 Perfectus
1245 583 1346 612 status
1360 581 1394 612 in
1412 581 1534 621 optimo
1549 583 1598 613 est
1609 590 1668 622 per
1681 581 1849 622 limpidam

1070 634 1287 674 cognitionem
1312 635 1347 666 in
1370 644 1468 674 vero,
1495 637 1528 667 et
1551 636 1597 667 sic
1621 638 1669 667 est
1692 635 1851 667 munditia

1071 689 1183 727 cordis,
1200 689 1240 720 ad
1256 688 1430 721 videndum
1445 689 1563 729 Deum;
1577 693 1608 721 et
1622 699 1679 730 per
1693 689 1848 731 tranquil-

1071 743 1134 774 lam
1150 743 1353 775 affectionem
1368 743 1402 774 in
1415 743 1510 783 bono,
1520 744 1606 779 etsie
1620 746 1668 776 est
1682 753 1746 785 pax
1762 753 1851 776 men-

1071 797 1112 828 tis
1127 821 1136 836 ,
1166 798 1205 829 ad
1228 797 1403 829 fruendum
1432 797 1506 829 Deo.
1532 797 1667 829 Habitus
1692 798 1850 828 virtutum

1072 851 1245 891 disponunt
1263 851 1303 882 ad
1317 850 1507 882 exercitium
1519 851 1597 882 vitae
1610 851 1740 889 activae;
1755 850 1849 882 habi-

1073 906 1125 936 tus
1139 905 1310 943 donorum,
1322 905 1361 936 ad
1372 905 1474 936 otium
1489 905 1565 936 vitae
1575 904 1850 945 contemplativae;

1073 958 1203 990 habitus
1224 959 1470 996 beatitudinum,
1487 958 1527 990 ad
1549 958 1778 999 perfectionem
1801 957 1850 988 fa-

1073 1012 1160 1043 ciunt
1174 1012 1356 1053 utriusque.

1115 1065 1156 1096 Dc
1171 1066 1222 1096 his
1236 1066 1361 1097 duabus
1377 1065 1466 1104 vitis,
1489 1066 1626 1105 signatis
1646 1075 1703 1106 per
1716 1065 1805 1097 Liam
1820 1067 1852 1097 et

1075 1119 1209 1158 Rachel,
1227 1129 1282 1160 per
1305 1119 1435 1151 Petrum
1460 1122 1491 1151 et
1503 1119 1675 1158 Jonnnem,
1692 1129 1748 1160 per
1767 1119 1851 1150 Mar-

1074 1174 1163 1204 thani
1179 1176 1210 1204 et
1230 1173 1380 1212 Mariam,
1401 1173 1475 1205 dicit
1495 1173 1579 1205 Beda
1599 1183 1606 1203 t
1625 1185 1640 1203 a
1658 1173 1771 1204 Activa
1794 1182 1850 1214 pa-

1075 1236 1150 1258 nem
1165 1227 1363 1267 corporalem
1376 1227 1541 1266 esurienti,
1552 1227 1602 1258 vel
1613 1235 1728 1268 panem
1739 1227 1853 1258 doctri-

1076 1289 1127 1311 nae
1149 1280 1312 1319 ignoranti
1334 1281 1491 1320 porrigit,
1512 1283 1672 1312 errantem
1696 1280 1850 1320 corrigit,

1076 1334 1251 1373 superbum
1266 1334 1305 1364 ad
1320 1334 1535 1365 humilitatem
1548 1336 1687 1372 revocat,
1701 1343 1776 1374 quae
1790 1334 1852 1364 sin-

1078 1387 1163 1426 gulis
1198 1387 1371 1427 expediunt
1405 1387 1575 1427 dispensat.
1601 1387 1853 1428 Contemplativa

1076 1441 1262 1471 charitatem
1287 1441 1340 1471 Dei
1370 1443 1400 1471 ct
1423 1441 1560 1481 proximi
1585 1441 1716 1479 retinet;
1738 1441 1793 1472 sed
1813 1440 1854 1472 ab

1077 1495 1226 1525 exteriori
1243 1494 1425 1534 operationi·
1441 1495 1585 1534 quiescit,
1604 1495 1662 1525 soli
1677 1495 1854 1526 Conditoris

1077 1548 1396 1585 desiderio'inhaeret,
1413 1550 1444 1579 et
1458 1548 1584 1579 calcatis
1597 1548 1746 1579 omnibus
1757 1548 1852 1587 curis,

1077 1603 1115 1634 ad
1132 1602 1307 1633 viden-*lum
1324 1603 1434 1633 faciem
1450 1601 1605 1633 Creatoris
1619 1601 1807 1640 inardescit,
1823 1603 1855 1632 et

1077 1657 1231 1687 desiderat
1241 1656 1366 1687 misceri
1378 1655 1525 1695 supernis
1535 1655 1670 1693 civibus,
1683 1655 1721 1686 de
1733 1657 1854 1686 aeterna

1078 1711 1203 1742 Domini
1221 1710 1460 1750 incorruptione
1480 1709 1706 1749 gaudentibus.
1723 1709 1777 1741 Est
1795 1719 1854 1740 au-

1077 1768 1142 1796 ten]
1167 1764 1281 1804 triplex
1307 1763 1483 1804 proprietas
1505 1763 1536 1793 in
1561 1765 1716 1803 utraque,
1740 1771 1854 1794 secun-

1077 1819 1154 1849 duni
1170 1827 1250 1858 quas
1266 1820 1380 1848 mutuo
1399 1817 1568 1848 excedunt.
1589 1816 1697 1847 Prima
1711 1816 1853 1857 proprie-

1078 1876 1127 1904 tas
1142 1873 1254 1903 activae
1269 1874 1316 1902 est
1332 1870 1499 1910 diligentia
1516 1870 1659 1901 utilitatis
1671 1872 1703 1901 et
1717 1870 1853 1901 necessi-

1079 1927 1152 1957 tatis
1171 1926 1323 1966 publicae,
1348 1927 1492 1965 respectu
1517 1924 1693 1962 rationalis;
1716 1923 1854 1955 secunda

1079 1982 1125 2011 est
1142 1980 1280 2010 charitas
1301 1988 1378 2017 erga
1399 1978 1582 2018 proximum
1594 2002 1603 2015 ‚
1620 1987 1693 2008 cum
1709 1986 1852 2016 compas-

1079 2034 1184 2070 sione,
1212 2035 1356 2072 rcspectu
1384 2031 1635 2071 concupiscibilis
1651 2042 1658 2069 3
1689 2031 1783 2061 tertia
1810 2032 1857 2061 est

1080 2087 1254 2117 fecunditas
1290 2086 1447 2115 bonorum
1482 2094 1617 2124 operum
1645 2085 1679 2115 in
1707 2083 1834 2124 agendo
1845 2107 1854 2121 ‚

1080 2149 1154 2171 cum
1169 2139 1358 2180 perfectione
1380 2139 1557 2178 patientiae,
1576 2140 1722 2178 respectu
1743 2138 1855 2168 irasci-

1081 2195 1162 2225 bilis.
1199 2194 1233 2224 ln
1262 2193 1312 2223 his
1343 2192 1588 2232 contemplativa
1619 2192 1783 2222 exceditur
1815 2191 1856 2222 ab

1081 2248 1194 2278 activa.
1213 2247 1320 2278 Prima
1336 2246 1512 2285 proprietas
1533 2244 1789 2285 contemplativae
1809 2248 1856 2276 est

1081 2300 1242 2330 contuitus
1257 2299 1504 2339 pulchritudinis
1520 2308 1656 2329 summae
1670 2299 1854 2338 maiestatis,

1081 2363 1156 2384 cum
1175 2353 1398 2390 delectatione,
1421 2354 1565 2391 respectu
1595 2351 1778 2389 rationalis;
1805 2360 1854 2382 se-

1082 2407 1185 2438 cunda
1209 2409 1256 2437 est
1283 2406 1374 2446 quies·
1397 2415 1469 2435 cuni
1495 2407 1682 2443 securitate,
1712 2407 1856 2445 respectu

1083 2460 1264 2498 irascibilis3
1278 2459 1370 2490 tertia
1391 2462 1438 2489 est
1461 2459 1617 2489 munditia
1639 2458 1759 2496 cordis,
1780 2467 1855 2489 cum

1082 2514 1237 2551 bonitate,
1267 2516 1412 2553 respectu
1443 2511 1707 2552 concupiscibilis.
1739 2511 1774 2543 ln
1807 2512 1856 2543 his

1082 2567 1327 2607 contemplativa
1342 2565 1465 2597 excedit
1480 2565 1628 2596 activam.

1123 2621 1171 2652 Ad
1186 2620 1323 2651 activam
1337 2619 1495 2660 pertinent
1507 2627 1604 2659 opera
1616 2618 1852 2657 misericordiae,

1114 2686 1119 2698 ¹
1132 2683 1200 2707 Psal.
1218 2688 1288 2713 xxiv,
1304 2683 1374 2706 ¹0.—
1389 2681 1422 2712 (α)
1439 2681 1495 2712 Ley.
1513 2681 1621 2706 charitas
1635 2682 1686 2706 sive
1695 2688 1777 2706 amor.

1893 1079 1925 1099 De
1933 1077 1972 1098 dn-

1865 1110 1916 1136 pliei
1926 1109 1972 1130 viu

1904 2631 1975 2656 Opera
