2003 3037
123 498 191 533 notes

89 535 187 557 corporis

85 562 186 588 quatuor.

83 985 176 1006 Aureolo
181 1000 186 1005 .

122 1416 195 1437 Benti-

100 1448 183 1468 tudinis

103 1481 183 1499 nostras

105 1510 169 1530 ratio.

207 260 266 290 340

205 325 290 357 tatis.
300 321 476 355 Praemium
483 329 561 353 vero
565 319 834 352 consubstantiale
842 319 986 351 consistit

206 379 242 410 in
256 377 360 418 gloria
374 375 533 417 corporis,
556 382 632 416 quae
656 373 797 405 secunda
810 373 892 404 stola
904 373 983 404 dici-

206 435 259 463 tur
274 440 282 462 ε
299 439 365 472 qua
384 430 547 469 resumpta
561 452 570 467 ,
587 427 756 469 perfectius
770 427 879 458 anima
892 427 986 458 beata

205 485 307 517 tendit
336 485 369 515 in
393 491 560 515 summum
591 481 719 513 coelum.
753 481 791 513 Et
813 480 882 512 haec
905 480 986 512 stola

205 539 349 572 consistit
363 538 397 569 in
411 536 612 578 quadruplici
627 536 699 568 dote
713 535 854 576 corporis
866 559 874 574 ,
899 534 985 566 scili-

206 597 254 626 cet
267 594 302 626 in
316 593 388 625 dote
405 591 574 630 claritatis,
590 589 773 622 subtilitatis
785 613 795 628 ,
813 588 984 629 agilitatis,

205 651 238 679 et
264 645 529 688 impassibilitatis
554 654 562 676 :
587 652 662 685 quae
687 645 784 675 eruut
807 642 985 674 secundum

206 702 278 743 plus
292 703 324 733 et
338 699 446 731 minus
459 699 494 730 in
518 697 669 737 diversis,
691 696 868 728 secundum
884 697 986 736 majo-

206 756 334 787 ritatem
349 756 382 785 et
403 752 621 784 minoritatem
642 751 731 791 prius
745 750 863 782 habitae
879 749 985 781 chari-

206 810 289 842 tatis.
307 807 483 840 Praemium
503 807 612 838 autem
630 804 822 836 accidentale
844 803 988 836 consistit

206 864 236 894 in
254 862 395 904 quodam
410 861 523 893 decore
537 858 668 900 speciali
682 858 915 899 superadjecto,
931 857 986 898 qui

206 916 338 958 quidem
362 914 492 947 aureola
511 914 737 953 nuncupatur,
761 914 792 942 et
810 911 985 942 secundum

208 971 378 1002 Doctorum
393 967 601 1005 sententiam,
627 965 762 998 debetur
785 965 903 1006 triplici
928 974 986 1004 ge-

206 1024 276 1056 neri
305 1032 461 1065 operum,
490 1021 609 1053 scilicet
635 1019 811 1061 martyrio,
836 1018 988 1060 praedica-

207 1079 299 1118 tioni,
311 1081 341 1110 et
351 1077 556 1109 continentiae
568 1074 736 1115 virginali.
746 1074 784 1106 Et
794 1073 827 1104 in
838 1074 989 1105 omnibus

208 1132 368 1173 praedictis
395 1130 577 1163 servabitur
600 1128 722 1169 gradus
749 1129 781 1159 et
807 1127 987 1164 distinctio,

210 1186 387 1219 secundum
403 1184 600 1225 exigentiam
615 1183 816 1214 meritorum.

252 1240 343 1272 Ratio
362 1242 470 1271 autem
489 1238 529 1270 ad
553 1236 799 1277 intelligentiam
822 1234 989 1276 praedicto-

211 1304 301 1333 rum,
323 1294 394 1325 haec
419 1294 489 1324 est:
515 1293 592 1332 quia
613 1290 755 1331 primum
774 1288 989 1329 principium,

211 1350 271 1380 lioc
284 1348 352 1389 ipso
365 1346 450 1388 quod
461 1346 603 1387 primum
613 1369 620 1383 ‚
635 1344 732 1375 habet
744 1351 907 1374 summam
920 1341 992 1373 uui-

212 1405 308 1434 tatem
319 1426 327 1440 ,
342 1401 530 1438 veritatem,
547 1400 577 1430 et
590 1398 787 1436 bonitatem3
801 1399 833 1427 et
849 1396 908 1426 hoc
924 1396 992 1435 ipso

213 1458 243 1487 iu
261 1465 298 1488 eo
313 1456 409 1488 etiam
424 1457 471 1486 est
486 1462 603 1495 ponere
618 1460 778 1484 summam
796 1450 970 1491 potentiam
982 1473 990 1488 ,

213 1511 420 1551 sapientiam,
437 1507 638 1540 clementiam
652 1531 660 1545 ‚
677 1508 707 1537 et
719 1505 891 1546 justitiam.
908 1503 993 1542 Quo-

214 1566 302 1596 niam
318 1566 427 1595 autem
449 1563 520 1594 haec
535 1560 710 1592 invisibilia
726 1559 778 1591 Ilei
799 1558 994 1590 manifestari

215 1620 303 1650 (lecet
318 1627 374 1658 per
387 1625 506 1657 opera;
523 1616 591 1647 ideo
616 1615 699 1646 Deus
716 1613 877 1645 mundum
898 1613 995 1643 istum

216 1672 397 1703 sensibilem
413 1670 619 1712 principiam,
637 1668 681 1699 sie
695 1667 858 1708 produxit,
875 1666 919 1697 sie
933 1676 996 1705 gu-

216 1728 344 1764 lwrnat,
368 1725 413 1755 sic
434 1725 577 1764 reparat,
606 1722 650 1753 sie
673 1723 859 1752 remunerat
877 1722 904 1751 ct
921 1729 996 1750 con-

217 1782 374 1817 summat,
390 1778 476 1819 quod
492 1779 525 1808 in
543 1776 751 1817 productione
778 1775 998 1806 manifestetur

217 1842 344 1864 summa
360 1831 500 1873 potentia
515 1842 522 1869 ;
544 1831 576 1860 in
593 1829 829 1869 gubernatione
843 1853 852 1866 ,
869 1837 999 1859 summa

218 1887 388 1928 sapientia;
405 1886 437 1917 in
447 1884 659 1925 reparatione,
677 1892 805 1914 summa
813 1882 996 1919 clementiae

219 1946 250 1971 vt
266 1943 299 1972 iu
322 1940 581 1972 remuneratione
594 1963 602 1977 ,
621 1938 745 1978 justitia
765 1938 998 1968 consummata.

221 1995 259 2025 Ut
275 2004 351 2034 orgo
367 1994 624 2025 manifestaretur
638 1991 775 2032 potentia
789 1991 828 2021 ad
844 1989 1000 2029 suiipsius

221 2048 367 2086 laudem,
392 2050 423 2078 et
449 2046 606 2086 gloriam,
637 2047 668 2076 et
692 2044 868 2078 honorem,
893 2042 1001 2073 omnia

223 2102 373 2142 produxit
387 2102 425 2132 tle
441 2100 554 2138 nihilo,
571 2099 688 2130 faciens
704 2098 824 2137 aliquid
841 2106 938 2137 prope
956 2095 1002 2126 ni-

222 2157 278 2194 hil,
292 2155 410 2186 scilicet
422 2154 590 2185 materiam
605 2151 802 2192 corporalem
815 2161 822 2189 ;
835 2153 866 2181 et
880 2149 1001 2190 aliquid

222 2220 319 2250 prope
344 2219 394 2248 se,
417 2209 535 2239 scilicet
555 2206 768 2237 substantiam
784 2203 998 2245 spiritualem;

222 2270 252 2296 et
277 2264 373 2295 simul
394 2264 463 2294 haee
483 2263 628 2302 jungens
649 2260 683 2290 iu
703 2268 769 2290 uno
792 2258 941 2297 homine,
968 2258 1001 2288 in

223 2320 344 2350 imitate
360 2320 485 2349 naturae
500 2318 531 2346 et
547 2324 691 2355 persona·
704 2338 713 2352 ,
729 2313 848 2343 scilicet
864 2313 1003 2343 rationa-

223 2373 285 2403 lem
312 2372 455 2402 animam
478 2372 508 2401 et
532 2369 700 2400 materiam
728 2367 938 2407 corporalem.
964 2366 1002 2397 Ut

223 2426 480 2456 manifestaretur
503 2422 675 2463 sapientia,
694 2422 759 2461 ipse
780 2421 909 2461 quidem
928 2430 1002 2460 pro-

224 2479 441 2510 videntissime
467 2477 577 2509 onmia
604 2476 765 2515 gubernat
789 2478 820 2505 ct
842 2475 997 2505 ordinale.

225 2533 305 2565 Nam
320 2533 386 2573 ipse
410 2540 599 2571 supremum
624 2529 765 2560 hominis
781 2529 865 2567 regit
886 2538 942 2568 per
957 2538 1002 2559 se-

223 2587 502 2628 ipsum‚1nentc1n
526 2584 644 2615 scilicet
667 2592 764 2623 quam
789 2582 943 2620 illustrat3
971 2585 1002 2613 et

223 2643 390 2679 intimum,
407 2639 524 2670 scilicet
539 2648 673 2678 eorpus,
687 2647 744 2678 per
763 2637 899 2668 liberum
915 2637 999 2667 anbi-

223 2697 321 2727 trium
336 2692 524 2730 voluntatis,
540 2694 576 2722 ut
591 2692 635 2722 sic
650 2700 765 2731 corpus
780 2693 811 2722 et
825 2690 1002 2731 corporalia

222 2749 325 2790 quoad
347 2747 494 2787 regimen
514 2745 696 2785 subjaceant
713 2744 854 2784 spiritui,
870 2744 1001 2785 spiritus

782 249 1036 290 BREVILOQUH
1058 250 1161 284 PARS
1182 250 1249 284 Vll.

1041 327 1122 352 vero
1137 319 1214 353 Deo.
1231 319 1271 352 Ut
1285 321 1544 354 manifestaretur
1555 321 1736 361 clementia,
1751 321 1821 362 lap-

1041 384 1116 408 sum
1125 375 1292 408 hominem
1301 377 1467 418 reparavit
1479 377 1674 410 assumendo
1682 376 1824 408 hominis

1041 431 1210 469 naturam,
1231 431 1433 471 suscipiendo
1455 430 1673 472 poenalitates,
1695 432 1728 461 et
1750 432 1822 461 tan-

1041 483 1116 515 dem
1129 483 1316 524 perferendo
1331 493 1461 525 poenam
1477 495 1484 515 :
1502 486 1538 516 ut
1554 484 1600 516 sic
1617 492 1746 515 summa
1767 483 1824 514 mi-

1042 537 1213 569 sericordia
1235 537 1353 570 misero
1368 538 1606 570 misericordem
1621 537 1739 569 faceret
1754 546 1824 569 esse

1042 590 1241 622 conformem
1262 591 1303 623 ad
1322 591 1552 624 revelationem
1571 591 1712 622 miseriae
1726 615 1735 630 ,
1758 599 1825 622 non

1042 643 1148 676 solum
1162 644 1195 675 in
1213 644 1371 684 dignitate
1393 647 1519 677 naturae
1536 645 1672 677 conditae
1684 669 1693 684 ,
1710 653 1825 676 verum

1043 698 1140 729 etiam
1161 697 1196 728 in
1219 698 1394 729 defectibus
1408 701 1532 731 naturae
1548 699 1582 730 in
1598 699 1727 730 miseria
1745 707 1826 730 con-

1044 751 1176 783 stitutae..
1192 751 1232 783 Ut
1246 752 1376 784 tandem
1391 752 1614 784 manifestetur
1624 752 1761 793 justitia,
1779 761 1826 783 re-

1044 805 1163 837 tribuet
1201 805 1376 846 unicuique
1408 807 1587 838 secundum
1626 806 1825 846 exigentiam

1044 859 1250 898 meritorum,
1271 868 1337 891 non
1357 859 1464 891 solum
1485 859 1579 891 malis
1602 868 1746 900 poenam,
1767 867 1826 890 ve-

1044 921 1118 944 rum
1134 913 1231 944 ctiam
1243 913 1338 953 justis
1354 913 1492 952 gloriam
1508 913 1750 953 sempiternam.
1772 911 1826 944 Sic

1045 967 1132 998 enim
1156 967 1259 1006 exigit
1280 966 1449 998 retributio
1470 975 1584 1010 aequa,
1609 968 1641 998 et
1667 966 1826 1006 reparatio

1045 1021 1197 1060 gratuita,
1213 1022 1244 1051 et
1260 1020 1452 1060 gubernatio
1468 1019 1626 1057 ordinata,
1638 1021 1670 1050 ct
1686 1019 1824 1060 produc-

1046 1075 1090 1105 tio
1104 1074 1258 1106 virtuosa.
1277 1074 1358 1106 Nam
1373 1074 1520 1106 omnium
1535 1073 1653 1105 horum
1673 1081 1826 1104 consum-

1046 1129 1145 1160 matio
1159 1131 1206 1160 est
1222 1129 1255 1159 in
1271 1129 1345 1159 fine.

1088 1182 1234 1213 Primum
1249 1182 1361 1221 igitur,
1379 1181 1534 1222 quoniam
1555 1180 1702 1212 omnium
1718 1181 1828 1221 justo-

1047 1246 1122 1268 rum
1139 1236 1316 1277 praemiatio
1335 1235 1405 1266 fieri
1421 1235 1516 1267 debet
1539 1233 1719 1266 secundum
1741 1233 1828 1274 quod

1047 1289 1152 1329 exigit
1167 1289 1337 1321 retributio
1355 1290 1465 1329 justa,
1490 1290 1522 1320 et
1542 1287 1638 1319 etiam
1665 1286 1829 1328 productio

1049 1344 1213 1382 virtuosa;
1230 1345 1261 1374 et
1284 1343 1449 1384 productio
1469 1342 1524 1374 Dei
1547 1341 1620 1373 fecit
1641 1340 1829 1372 rationalem

1048 1397 1197 1438 spiritum
1213 1407 1310 1437 prope
1328 1397 1445 1435 Deum,
1468 1404 1616 1436 capacem
1641 1395 1708 1434 liei,
1736 1403 1829 1435 capa-

1049 1460 1117 1488 cem
1133 1451 1250 1482 scilicet
1274 1450 1449 1481 secundum
1467 1450 1533 1482 vim
1556 1449 1665 1481 inditae
1681 1448 1831 1488 imaginis

1050 1505 1149 1546 ipsius
1165 1504 1355 1535 beatiss-inice
1369 1503 1532 1535 Trinitatis
1543 1528 1550 1541 ,
1564 1503 1614 1534 cui
1630 1503 1774 1543 injustis
1787 1505 1831 1534 to-

1050 1562 1103 1590 tus
1118 1559 1258 1590 hominis
1273 1558 1405 1598 spiritus
1416 1557 1596 1589 secundum
1612 1556 1830 1596 integritatem

1052 1612 1203 1652 imaginis
1217 1611 1392 1643 deservivit
1405 1620 1412 1641 :
1440 1610 1515 1642 hinc
1530 1613 1596 1649 est,
1612 1609 1698 1650 quod
1713 1619 1732 1640 a
1746 1609 1834 1640 nullo

1053 1667 1160 1698 minus
1170 1666 1230 1697 Deo
1240 1668 1341 1706 potest
1350 1664 1651 1705 rationalisspiritus
1657 1663 1831 1704 praemiari,

1055 1730 1113 1751 nec
1130 1720 1274 1761 impleri,
1297 1728 1355 1750 nec
1378 1720 1449 1759 ejiis
1472 1718 1628 1758 capacitas
1641 1716 1806 1748 terminari
1825 1727 1832 1748 :

1055 1775 1125 1805 ideo
1134 1774 1166 1804 iu
1180 1773 1352 1813 praemium
1362 1773 1456 1803 datur
1465 1772 1492 1803 ei
1502 1771 1698 1803 deiformitas
1708 1770 1832 1810 gloriae,

1054 1838 1111 1870 per
1127 1838 1225 1869 quain
1242 1828 1304 1859 lieo
1319 1827 1450 1858 effectus
1465 1825 1649 1863 conformis,
1668 1826 1698 1855 et
1711 1824 1834 1855 ratione

1056 1883 1163 1923 ipsum
1180 1883 1285 1914 videat
1300 1882 1384 1913 clare
1396 1905 1404 1920 ,
1422 1884 1453 1912 et
1468 1880 1631 1912 voluntate
1646 1879 1760 1918 diligat
1772 1878 1836 1919 ple-

1056 1949 1112 1977 ne,
1130 1942 1161 1970 et
1176 1938 1331 1969 memoria
1346 1937 1481 1968 retineat
1496 1937 1529 1966 in
1542 1938 1700 1966 aeteruum
1719 1946 1726 1965 :
1742 1937 1777 1966 ut
1791 1935 1836 1965 sic

1057 1993 1165 2023 anima
1180 1994 1245 2022 tota
1260 1991 1349 2023 vivat
1359 2014 1368 2029 ,
1388 1993 1452 2021 tota
1467 1989 1594 2021 dotetur
1610 1989 1642 2019 iu
1654 1989 1756 2019 tribus
1771 1988 1837 2019 ani-

1057 2055 1119 2077 mae
1134 2046 1278 2083 viribus,
1298 2046 1363 2075 tota
1378 2043 1441 2074 Deo
1465 2044 1700 2082 configuretur,
1724 2044 1789 2072 tota
1803 2041 1836 2072 iu

1058 2100 1112 2130 illo
1127 2099 1305 2139 requiescat
1321 2109 1327 2128 :
1344 2098 1377 2128 iu
1391 2098 1471 2137 ipso,
1488 2097 1570 2127 sicut
1585 2096 1619 2126 iu
1635 2095 1723 2126 omni
1739 2095 1835 2133 bono,

1058 2153 1230 2184 inveniens
1260 2161 1368 2192 pacem
1385 2175 1394 2189 ,
1425 2151 1532 2182 lucem
1559 2153 1590 2181 et
1613 2149 1837 2181 sufficientiam

1058 2207 1304 2247 sempiternam,
1326 2214 1382 2245 per
1398 2208 1404 2224 ¹
1421 2214 1519 2245 quam
1534 2204 1567 2234 in
1582 2206 1666 2235 statu
1691 2203 1838 2234 omnium

1058 2262 1218 2292 bonorum
1234 2259 1488 2298 congregatione
1502 2257 1638 2298 perfecto
1652 2257 1836 2294 constituta,

1059 2317 1089 2346 et
1100 2317 1220 2345 aeterua
1232 2314 1296 2344 vita
1306 2313 1432 2351 vivens,
1447 2312 1571 2343 dicatur
1581 2311 1684 2350 beata,
1696 2315 1728 2342 et
1742 2310 1838 2342 etiam

1059 2368 1210 2408 gloriosa.

1099 2421 1234 2459 Rursus,
1247 2420 1403 2460 quoniam
1417 2418 1584 2450 retributio
1598 2417 1652 2448 illa
1661 2417 1754 2449 debet
1768 2418 1837 2449 fieri

1059 2476 1234 2508 secuudum
1252 2475 1337 2515 quod
1351 2474 1455 2513 exigit
1469 2482 1534 2503 non
1549 2472 1654 2503 solum
1668 2472 1837 2503 retributio

1055 2532 1159 2571 justa,
1177 2532 1207 2560 et
1232 2527 1398 2569 productio
1422 2526 1578 2563 virtuosa,
1603 2534 1719 2556 verum
1740 2525 1837 2556 etiam

1058 2583 1249 2624 gubernatio
1264 2581 1419 2618 ordinata,
1435 2582 1467 2610 et
1482 2579 1565 2610 Deus
1580 2579 1613 2609 iu
1628 2578 1837 2619 productione

1058 2645 1174 2677 corpus
1185 2635 1303 2667 animae
1314 2633 1470 2673 alligavit,
1481 2634 1513 2663 et
1527 2631 1667 2662 naturali
1677 2634 1707 2663 et
1722 2634 1836 2663 mutuo

1091 2718 1096 2731 ¹
1114 2717 1196 2745 Boet..
1211 2714 1242 2739 de
1260 2713 1358 2739 Consol.
1378 2712 1480 2744 philos..
1500 2712 1544 2737 lib.
1566 2712 1613 2741 ΙΙΙ,
1629 2718 1699 2742 pros.
1720 2713 1749 2740 2,
1770 2711 1837 2735 circ·

1057 2752 1139 2783 princ.

1871 1188 1936 1224 Ratio

1853 1225 1937 1247 prnmn

1858 1250 1928 1278 justo-

1864 1313 1937 1341 quoad

1844 1351 1925 1380 corpus
1930 1347 1952 1366 et

1845 1382 1952 1398 animm.
