2003 3037
87 790 158 811 Vitio-

51 827 102 842 rum
109 826 160 842 oon-

52 852 126 873 nexio.

74 1816 155 1835 Nume-

57 1852 94 1867 rus
117 1846 150 1866 vi-

62 1877 145 1897 tiorum

63 1908 135 1934 capita

66 1939 130 1959 lium.

783 229 898 261 PART.
926 230 948 261 i.
973 228 1080 261 SECT.
1105 228 1184 260 XVi.

172 300 303 342 junxit,
323 299 399 340 quia
421 298 505 330 idem
521 299 598 329 sunt
616 297 650 328 in
663 305 718 334 re,
735 296 790 328 sed
809 296 961 328 differunt

175 354 308 385 ratione.
326 352 413 384 Idem
433 351 520 383 euim
543 353 649 382 motus
669 351 718 382 est
741 350 775 381 in
795 350 912 390 acidia,
929 353 961 382 et

175 407 314 445 tristitia,
330 405 480 438 differens
494 404 618 436 ratione
631 403 859 435 terminorum.
878 403 959 435 Nam

176 460 355 492 secundum
367 459 569 492 aversionem
583 459 615 489 et
629 466 790 489 recessum
805 458 844 488 ab
858 458 959 489 arduo

176 515 280 555 gravi,
305 513 421 545 dicitur
442 511 589 551 tristitia;
616 511 794 542 secundum
814 520 892 543 vero
912 521 960 542 ac-

175 576 299 599 cessum
321 568 351 598 et
375 565 618 597 conversionem
645 564 684 596 ad
709 564 808 603 levia,
841 565 959 596 dicitur

175 621 275 653 acidia
302 630 308 651 :
331 621 367 651 ut
393 619 468 659 quia
489 619 541 649 isti
565 621 612 650 est
637 627 738 658 grave
762 627 896 658 surgere
919 618 956 650 ad

177 674 366 712 matutinas,
382 673 483 704 tristis
497 673 612 704 avertit
627 682 677 711 se3
695 672 771 712 qnia
790 681 867 704 vero
890 672 959 703 leve

175 729 222 758 est
237 727 266 758 ei
280 727 444 767 quiescere
456 750 465 765 ,
483 726 639 758 acidiosus
654 725 811 757 convertit
825 734 869 755 se.

223 779 419 812 Ordinantur
443 781 552 811 autem
577 780 653 811 vitia
677 779 824 819 capitalia
848 788 960 810 seeun-

175 833 253 865 dum
274 833 523 872 connexionem,
542 843 607 874 qua
621 833 674 872 fit,
691 835 727 864 ut
741 841 845 864 unum
861 841 900 863 ex
915 832 959 863 al-

174 888 243 918 tero
268 888 462 927 proferatur.
492 887 572 918 Nam
605 887 763 927 superbus
796 895 862 917 non
890 885 959 917 vult

174 941 305 972 subesse
319 941 497 981 majoribus
504 952 512 979 ;
524 941 596 972 vult
608 940 752 981 praeferri
762 939 955 979 aequalibus;

173 993 245 1026 vult
269 993 456 1025 conculcare
473 994 625 1024 minores.
649 993 687 1024 Et
709 993 734 1023 si
756 1001 821 1023 non
839 994 955 1032 potest,

174 1047 298 1079 invidet
313 1047 502 1087 maioribus,
517 1047 594 1087 quia
604 1047 840 1087 principantur3
854 1054 959 1085 aequa-

173 1099 274 1139 libus,
300 1101 377 1140 quia
399 1102 642 1140 prosperantur;
665 1099 858 1136 minoribus,
881 1099 958 1139 quia

173 1154 369 1185 exaltantur.
386 1153 425 1184 Et
441 1163 515 1185 cum
530 1154 574 1184 sic
589 1153 670 1184 nihil
684 1153 839 1194 proficiat,
857 1153 957 1183 conci-

172 1207 219 1247 pit
234 1207 314 1238 iram
330 1208 369 1239 de
385 1207 469 1238 facili
487 1207 526 1238 ad
549 1208 702 1247 majores,
725 1207 909 1245 mediocres,
927 1209 957 1237 et

174 1261 326 1292 minores.
354 1261 472 1292 Deinde
500 1261 616 1292 decidit
642 1261 675 1291 in
711 1260 864 1299 acidiam,
893 1269 957 1300 qua

173 1315 290 1346 mentis
322 1314 535 1354 tranquillitas
567 1314 785 1355 perturbatur.
816 1313 854 1344 Et
883 1316 957 1344 tunc

174 1378 249 1400 cum
272 1368 459 1399 interiorem
473 1368 721 1399 consolationem
744 1367 899 1406 amiserit,
917 1367 955 1398 ad

173 1422 368 1453 exteriorem
381 1431 439 1462 pcr
454 1422 621 1453 avaritiam
637 1432 670 1453 se
685 1422 850 1460 convertit,
866 1423 896 1452 et
911 1421 955 1452 sic

172 1476 274 1507 factus
290 1476 464 1516 opulentus
478 1476 687 1507 immoderate
702 1485 758 1516 per
773 1475 954 1514 ingluviem

171 1530 262 1561 farcit
278 1532 435 1568 ventrem,
452 1533 483 1561 et
499 1533 659 1570 postremo
674 1530 713 1560 ad
730 1530 892 1560 luxuriam
908 1539 956 1560 re-

171 1583 267 1615 solvit
292 1593 439 1622 carnem,
468 1593 487 1614 a
508 1593 636 1614 summo
663 1583 795 1613 rationis
818 1583 952 1620 vertice,

170 1646 276 1677 usque
300 1638 338 1667 ad
368 1637 473 1668 carnis
499 1637 651 1667 infimum
672 1636 874 1676 depravatus.
902 1636 954 1667 Sic

170 1693 256 1731 patet
279 1691 365 1731 quod
383 1691 527 1730 quinque
547 1691 652 1731 prima
673 1692 749 1721 sunt
763 1690 951 1730 spiritualia,

169 1745 232 1776 duo
248 1754 324 1776 vero
340 1745 456 1776 ultima
471 1748 545 1776 sunt
561 1745 710 1776 carnalia.

211 1799 374 1840 Accipitur
390 1801 501 1830 autem
517 1799 706 1830 sufficientia
725 1801 846 1839 septem
867 1799 952 1839 capi-

174 1852 286 1883 talium
311 1853 485 1891 vitiorum,
507 1862 603 1893 penes
619 1853 809 1893 pronitatem
834 1853 874 1883 ad
894 1862 949 1892 ap-

172 1915 288 1946 parens
303 1907 435 1938 bonum.
451 1907 526 1938 Haec
547 1908 655 1938 autem
676 1907 833 1946 pronitas,
857 1906 883 1936 si
905 1908 951 1936 est

172 1962 319 1999 respectu
342 1960 437 1999 boni,
462 1961 548 2000 qnod
572 1961 701 2000 respicit
725 1959 875 2000 spiritum
901 1969 950 1990 se-

173 2013 316 2044 cundum
328 2022 378 2052 se,
397 2016 500 2053 potest
514 2023 581 2045 esse
601 2013 823 2054 quadruplex,
841 2022 951 2043 secun-

173 2066 251 2097 dum
279 2069 416 2107 quatuor
442 2068 637 2098 conditiones
665 2067 766 2105 honi,
797 2067 834 2097 ad
865 2067 950 2106 qnod

174 2121 332 2160 appetitus
352 2121 495 2152 hominis
514 2122 696 2152 inclinatur.
713 2121 842 2161 Appetit
863 2121 949 2150 enim

173 2174 246 2214 quis
269 2174 390 2204 bonum
411 2175 471 2205 sub
496 2175 619 2206 ratione
642 2175 826 2214 dignitatis,
853 2176 883 2204 et
905 2174 950 2203 sic

173 2231 220 2258 est
236 2228 407 2268 superbia,
425 2231 481 2259 aut
500 2229 560 2260 sub
581 2230 703 2259 ratione
727 2227 927 2268 proprietatis
939 2251 946 2265 ,

172 2282 260 2313 etsie
274 2284 320 2313 est
330 2283 469 2320 invidia;
482 2285 536 2313 aut
552 2283 611 2313 snb
625 2283 748 2313 ratione
759 2281 946 2319 securitatis,

172 2338 203 2367 et
226 2336 270 2367 sic
296 2339 343 2366 est
370 2336 418 2366 ira
437 2347 444 2374 ;
469 2338 525 2367 aut
548 2336 606 2367 sub
628 2336 751 2367 ratione
777 2335 893 2376 quietis
917 2336 948 2365 et

172 2390 427 2430 tranquillitatis,
442 2393 472 2421 et
493 2391 538 2421 sic
559 2391 607 2420 est
627 2390 738 2420 acidia.
764 2389 796 2420 Si
815 2398 891 2419 vero
907 2388 947 2418 sit

172 2444 312 2482 pronitas
334 2446 478 2483 respectu
507 2444 583 2475 honi
616 2445 701 2484 quod
726 2443 852 2483 respicit
876 2452 943 2473 car-

169 2504 263 2534 nem,
279 2498 346 2528 sive
361 2497 511 2537 spiritum
526 2498 559 2528 in
575 2507 685 2535 carne,
703 2498 746 2528 sic
762 2500 863 2537 potest
878 2506 945 2528 esse

168 2548 343 2588 tripliciter.
379 2549 459 2582 Nam
494 2551 625 2591 spiritus
658 2551 793 2581 carnalis
826 2550 945 2590 appetit

167 2602 289 2632 honum
314 2603 373 2633 sub
397 2604 519 2635 ratione
541 2605 745 2643 sufficientis,
769 2606 799 2635 et
827 2604 871 2634 sic
897 2606 944 2633 est

167 2656 320 2693 avaritia,
346 2659 401 2687 aut
424 2658 484 2688 suh
508 2659 630 2689 ratmne
653 2657 863 2689 demulcentis
880 2682 890 2695 ,
912 2659 943 2688 et

168 2710 213 2741 sic
228 2711 275 2740 est
292 2709 440 2748 luxuria,
456 2713 512 2741 aut
526 2711 585 2742 sub
609 2712 731 2744 ratione
752 2712 939 2748 reficientis,

1735 232 1797 262 359

1017 299 1048 327 et
1061 297 1108 327 sic
1122 298 1170 327 est
1184 296 1273 336 gula.
1292 296 1331 328 Et
1349 306 1390 328 ex
1407 297 1468 328 hoc
1489 299 1574 338 patet
1595 306 1755 329 numerus
1767 300 1798 328 et

1015 350 1206 381 sufficientia
1220 350 1373 382 vitiorum
1393 351 1590 391 capitalium.

1274 459 1423 493 SECTIO
1447 460 1538 495 XVI.

1047 547 1085 573 De
1106 546 1263 580 differentia
1283 547 1357 574 inter
1377 545 1497 581 capitale
1517 546 1632 578 vitium,
1654 547 1767 573 initium

1177 592 1297 626 peccati,
1314 594 1338 618 ec
1353 591 1473 618 radicem
1487 591 1629 618 medorum.

1055 673 1256 705 Attendenda
1281 675 1327 704 est
1348 673 1527 704 differentia
1550 673 1634 704 inter
1660 672 1795 713 capitale

1017 727 1150 764 vitium,
1168 727 1285 767 peccati
1309 726 1459 765 initium,
1477 728 1507 757 et
1533 726 1674 757 radicem
1699 726 1797 756 malo-

1014 790 1099 812 rum.
1117 780 1254 821 Capitale
1269 780 1385 811 vitium
1401 780 1531 818 dicitur,
1547 780 1624 820 quia
1645 780 1727 811 sicut
1742 789 1794 810 ca·-

1013 836 1071 875 put
1083 836 1131 866 est
1147 834 1331 866 membrum
1348 833 1524 874 principale
1540 835 1571 864 et
1585 833 1793 873 completum,

1014 889 1045 918 et
1068 887 1205 919 aliorum
1231 888 1454 918 membrorum
1478 887 1672 928 principium
1696 896 1796 927 quan-

1013 942 1084 972 tum
1099 942 1138 973 ad
1153 943 1278 972 motum
1295 945 1325 972 et
1347 950 1497 979 sensum3
1515 941 1560 972 sic
1575 941 1693 971 vitium
1710 941 1796 980 quod

1014 995 1131 1026 dicitur
1147 995 1279 1036 capitale
1290 1020 1298 1033 ‚
1314 995 1459 1026 nominat
1474 996 1640 1034 peccatum
1654 994 1793 1034 comple-

1014 1051 1107 1088 tum,
1135 1058 1154 1079 a
1182 1058 1246 1089 quo
1274 1048 1337 1079 alia
1367 1048 1445 1079 vitia
1473 1048 1632 1079 oriuntur.
1664 1047 1795 1078 Initium

1013 1112 1091 1134 vero
1114 1103 1262 1134 nominat
1286 1102 1414 1142 proprie
1438 1102 1535 1139 iliud,
1560 1101 1594 1132 in
1617 1098 1796 1142 quo'actus

1013 1156 1194 1187 inchoatur.
1212 1155 1314 1186 Radix
1330 1157 1439 1186 autem
1461 1155 1558 1193 illud,
1576 1164 1594 1185 a
1609 1163 1674 1195 quo
1694 1154 1795 1185 nutri-

1014 1212 1160 1241 mentum
1184 1210 1341 1248 trahitur,
1360 1212 1390 1240 ct
1406 1210 1596 1240 fomentum.
1614 1209 1703 1240 Unde
1721 1218 1794 1240 cum

1014 1266 1179 1304 peccatum
1196 1263 1433 1294 nutrimentum
1451 1264 1557 1294 trahat
1572 1272 1612 1294 ex
1630 1265 1720 1303 parte
1736 1272 1794 1303 ap-

1013 1318 1167 1358 petibilis,
1183 1319 1213 1348 et
1226 1317 1308 1348 dicat
1329 1326 1489 1348 recessum
1504 1327 1522 1348 a
1537 1317 1599 1348 Deo
1612 1327 1619 1356 ;
1637 1317 1712 1347 hinc
1727 1319 1792 1355 est,

1012 1372 1099 1411 quod
1128 1371 1258 1402 initium
1286 1371 1406 1411 pcccati
1433 1371 1607 1402 attenditur
1635 1380 1675 1401 cx
1705 1372 1794 1410 parte

1012 1425 1187 1456 aversionis
1200 1449 1208 1464 ,
1227 1425 1319 1455 radix
1333 1433 1410 1455 vero
1433 1434 1474 1455 cx
1499 1426 1588 1464 parte
1613 1424 1794 1456 conversio-

1012 1479 1073 1509 nis.
1093 1479 1131 1509 Et
1146 1479 1190 1509 sic
1207 1478 1332 1508 aversio
1355 1480 1401 1508 est
1427 1477 1550 1508 ratione
1573 1479 1791 1518 contemptus,

1012 1533 1178 1563 conversio
1194 1541 1270 1562 vero
1293 1534 1340 1562 est
1356 1531 1481 1561 ratione
1504 1531 1684 1570 cupiditatis
1709 1533 1739 1561 et
1753 1531 1793 1560 li-

1012 1586 1138 1617 hidinis,
1170 1585 1207 1616 Et
1237 1585 1307 1615 ideo
1334 1584 1485 1624 snperbia
1520 1584 1636 1614 dicitur
1665 1584 1792 1615 initium

1011 1640 1115 1671 omnis
1130 1638 1248 1679 peccati
1260 1661 1267 1675 ,
1283 1638 1440 1678 cupiditas
1455 1637 1546 1668 radix
1562 1637 1709 1668 omnium
1727 1647 1793 1668 ma-

1010 1693 1127 1724 lorum.

1051 1746 1171 1777 Dicitur
1193 1747 1299 1776 autem
1316 1746 1445 1776 initium
1466 1745 1585 1785 peccati
1608 1745 1788 1788 tripliciter,
1816 1763 1910 1785 Min-um

1010 1800 1077 1831 sive
1099 1800 1285 1830 nominatur
1305 1809 1312 1830 ε
1334 1801 1389 1830 ant
1415 1802 1511 1839 prout
1534 1800 1608 1830 dicit
1630 1808 1788 1830 recessum
1805 1796 1897 1821 mm*

1010 1854 1103 1884 liberi
1126 1853 1250 1884 arbitrii
1271 1863 1289 1883 a
1308 1853 1379 1892 lege
1403 1853 1600 1892 maiestatis,
1618 1856 1647 1883 et
1670 1853 1715 1883 sic
1735 1863 1787 1883 su-

1010 1907 1118 1947 perbia
1138 1931 1146 1945 ,
1174 1908 1240 1937 sivo
1264 1909 1466 1946 contemptus
1491 1906 1545 1936 Dei
1562 1931 1569 1944 ,
1593 1907 1708 1937 dicitur
1731 1907 1786 1936 ini-

1009 1961 1091 1991 tium
1121 1960 1257 2000 peccati,
1284 1960 1360 2000 quia
1383 1960 1438 1999 qui
1462 1961 1660 2000 praeceptum
1684 1962 1787 1990 trans—

1009 2015 1155 2054 greditur
1185 2014 1363 2051 Creatoris,
1390 2023 1408 2044 a
1432 2014 1581 2053 snperbia
1617 2014 1728 2054 incipit
1757 2017 1788 2045 et

1008 2068 1192 2105 contemptu
1205 2077 1211 2103 ;
1225 2068 1281 2096 aut
1294 2075 1311 2096 a
1326 2065 1398 2104 lege
1412 2065 1575 2103 veritatis,
1593 2067 1623 2096 et
1637 2066 1681 2095 sic
1695 2075 1785 2096 error

1007 2119 1123 2149 dicitnr
1148 2119 1278 2149 initium
1301 2119 1447 2159 peccati,
1473 2119 1549 2159 quia
1566 2143 1573 2157 ,
1605 2119 1688 2149 sicut
1713 2119 1788 2150 dicit

1007 2173 1133 2212 sapiens
1148 2177 1156 2192 ¹
1181 2183 1187 2203 z
1212 2184 1226 2201 «
1248 2172 1359 2203 Omnis
1381 2172 1505 2210 nialus,
1532 2172 1695 2211 ignorans.
1716 2184 1729 2201 n
1749 2173 1787 2204 Et

1006 2235 1082 2256 vere
1102 2226 1142 2256 ab
1165 2226 1350 2264 igniffantia
1370 2226 1480 2265 incipIt
1502 2227 1532 2256 et
1556 2234 1664 2256 errore
1678 2250 1685 2263 ,
1709 2227 1786 2266 quia

1006 2281 1127 2310 aeterna
1141 2278 1257 2310 deserit
1278 2288 1335 2318 pro
1358 2279 1504 2309 terrenis.
1529 2278 1593 2309 Ant
1609 2288 1628 2309 a
1641 2278 1713 2318 lege
1734 2279 1786 2310 ho-

1005 2333 1113 2364 nitatis
1130 2357 1139 2371 ,
1166 2335 1197 2363 et
1223 2333 1267 2362 sic
1297 2332 1478 2372 insipientia
1509 2332 1625 2363 dicitnr
1652 2333 1782 2364 initium

1005 2387 1124 2426 peccati
1147 2398 1154 2424 ;
1184 2387 1269 2417 unde
1298 2386 1543 2426 Chrysostomus
1576 2396 1673 2426 super
1703 2387 1807 2421 illud¹

1007 2439 1124 2470 Psalmi
1139 2441 1168 2477 ²²,
1186 2440 1212 2471 A
1231 2440 1315 2478 [acie
1331 2440 1533 2479 insipientis&
1553 2448 1648 2477 mece,
1666 2440 1780 2477 dicit³,

1004 2494 1088 2535 quod
1105 2494 1210 2525 omnis
1225 2495 1344 2534 peccati
1367 2494 1496 2524 initium
1517 2494 1702 2533 insipientia
1721 2497 1777 2525 est.

1003 2548 1188 2588 Insipientia
1202 2548 1286 2578 enim
1308 2549 1354 2578 est
1375 2547 1534 2578 contraria
1548 2548 1712 2587 sapientiae
1723 2572 1730 2585 ,
1747 2548 1779 2578 in

1001 2611 1066 2641 qua
1076 2601 1184 2632 divina
1196 2601 1319 2632 bonitas
1333 2602 1562 2641 praegustatur.
1576 2601 1687 2632 Merito
1698 2610 1777 2640 crgo

1847 689 1918 715 Caput

1810 720 1903 746 pcccati.

1032 2684 1040 2697 ⁰
1053 2683 1137 2711 Arist,
1152 2681 1244 2708 Etln‘c..
1258 2681 1301 2704 lib.
1319 2682 1360 2711 lii,
1380 2690 1401 2705 e.
1419 2688 1436 2705 ι,
1452 2696 1479 2699 -—
1496 2682 1587 2705 21’sal.
1601 2687 1701 2711 xxxvn,
1715 2684 1737 2704 s.
1749 2695 1775 2698 —

1002 2719 1011 2735 ³
1023 2719 1166 2749 Chrysost„
1182 2717 1207 2740 t'n
1224 2717 1305 2746 luam,
1323 2724 1344 2742 c.
1363 2723 1386 2747 v,
1405 2717 1474 2741 hom.
1495 2723 1530 2741 iv.
