2003 3037
100 757 176 778 oratio

77 790 161 810 menta-

69 821 105 846 lis,
111 821 132 841 et
139 825 176 841 vo-

69 851 131 878 calis,
155 852 177 872 st

78 883 169 903 invoca-

71 914 102 935 tio
111 915 178 935 Sanc-

72 947 152 967 torum.

103 1988 186 2009 Oratio-

81 2020 116 2040 nis
141 2021 185 2040 Do-

89 2052 175 2072 minium

89 2083 177 2110 petitio-

82 2120 121 2135 nes
140 2120 188 2140 sep-

91 2147 147 2170 tem,
158 2147 180 2165 et

103 2177 176 2197 brevis

95 2214 171 2229 earum

84 2245 177 2260 summa.

185 194 244 224 310

184 259 313 291 derium
326 257 496 290 efficaciter
510 265 642 288 sursum
665 257 775 289 tendat
794 256 835 288 ad
856 256 953 296 impe-

185 312 333 344 trandam
347 311 432 343 dona
443 310 571 349 divina,
589 319 718 343 necesse
739 312 787 342 est
807 309 894 351 quod
914 309 958 340 af-

185 365 277 397 fectio
289 366 399 396 nostra
409 365 451 396 sit
467 364 600 404 fervida,
612 366 643 396 et
653 364 804 405 cogitatio
814 364 848 395 in
857 371 962 394 unum

185 419 315 451 collecta
332 442 341 458 ,
365 421 397 450 et
421 418 601 459 expectatio
628 420 739 450 nostra
761 417 801 448 sit
823 418 910 448 certa
932 419 963 447 et

185 473 299 512 firma3
316 474 348 504 et
369 472 447 513 quia
467 481 524 504 cor
548 474 701 504 nostrum·
715 471 899 512 frequenter
917 472 965 502 est

185 526 347 567 tepidum,
362 526 546 566 frequenter
566 525 747 566 dispersum
757 549 767 564 ,
781 525 965 565 frequenter

187 580 283 612 etiam
296 579 450 620 pavidum
471 582 602 621 propter
621 579 740 620 peccati
763 586 963 615 remorsum,

188 643 247 666 nec
260 634 382 667 audens
396 643 454 675 per
467 634 608 674 seipsum
623 640 807 674 comparere
821 633 896 663 ante
910 630 964 662 Dei

189 690 394 729 conspectum
411 698 418 718 ι
433 687 509 719 hinc
523 689 572 718 est
593 687 679 728 quod
696 686 850 718 Dominus
862 684 967 716 voluit

189 751 248 774 nos
269 751 335 774 non
357 743 485 773 tantum
510 749 602 773 orare
625 740 826 778 mentaliter,
850 746 967 771 verum

190 796 286 828 etiam
298 795 462 835 vocaliter,
478 795 518 827 ad
533 795 633 827 nostri
648 794 781 826 affectus
799 792 967 825 excitatio-

191 860 267 883 nem
281 859 339 892 per
353 851 470 890 verba,
487 852 518 882 et
541 850 581 882 ad
606 849 859 882 recollectionem
880 847 967 887 cogi-

191 905 350 937 tationum
387 907 445 946 per
477 913 607 936 sensum
642 903 829 935 verborum.
863 901 970 933 Voluit

192 959 289 991 etiam
302 968 361 990 nos
376 968 468 991 orare
482 967 539 999 per
553 958 684 990 Sanctos
694 983 701 997 ,
719 959 750 989 et
765 956 897 989 Sanctos
911 964 969 996 pro

192 1012 301 1052 nobis,
317 1013 358 1044 ad
372 1012 511 1044 dandam
526 1011 676 1044 fiduciam
693 1011 828 1052 pavidis,
840 1011 875 1041 ut
885 1009 969 1050 quod

193 1075 258 1098 non
274 1066 392 1098 audent
413 1065 464 1097 vel
478 1074 544 1097 non
565 1067 698 1106 possunt
720 1065 891 1104 impetrare
912 1071 970 1103 per

194 1129 244 1159 se,
261 1129 318 1161 per
338 1119 470 1151 idoneos
491 1119 714 1159 impetratores
729 1117 893 1149 obtineant
909 1127 916 1147 z
934 1125 972 1147 ac

195 1181 251 1212 per
265 1171 372 1203 hocin
386 1171 552 1203 orantibus
567 1170 732 1202 humilitas
747 1169 967 1206 conservetur,

195 1226 228 1257 in
243 1225 366 1257 Sanctis
381 1224 649 1256 intercedentibus
669 1223 812 1262 dignitas
831 1222 971 1253 declare-

195 1281 260 1318 tur,
277 1279 312 1311 in
325 1278 475 1310 omnibus
492 1278 589 1309 etiam
603 1277 718 1309 Christi
733 1276 885 1307 membris
899 1275 971 1307 cha-

197 1333 274 1364 ritas
283 1333 314 1364 et
323 1333 429 1364 unitas
444 1331 641 1370 ostendatur,
653 1339 717 1371 qua
732 1338 806 1371 quae
823 1330 974 1361 interiora

196 1389 271 1418 sunt
290 1387 327 1418 ad
349 1386 514 1428 superiora
532 1384 721 1416 fiducialiter
742 1386 926 1422 recurrant,
943 1385 973 1415 et

197 1440 365 1482 superiora
379 1439 582 1471 interioribus
597 1438 771 1469 liberaliter
787 1437 975 1469 condescen-

197 1494 284 1526 dant.

240 1548 419 1587 Postremo,
436 1548 513 1588 quia
527 1548 610 1579 Deus
627 1548 734 1588 justus
749 1549 779 1578 et
797 1546 975 1577 misericors

199 1602 352 1634 exaudire
369 1611 432 1634 non
451 1601 544 1633 debet
564 1601 627 1632 nisi
650 1601 681 1632 in
703 1601 770 1637 his,
787 1608 860 1640 quae
885 1608 976 1639 spec-

202 1657 268 1688 tant
282 1656 321 1688 ad
336 1665 432 1687 suum
449 1655 604 1687 honorem
620 1656 650 1686 et
671 1654 710 1685 ad
731 1656 872 1685 nostram
889 1653 973 1684 salu-

201 1714 282 1748 tem;
299 1710 485 1750 thusmodi
507 1712 615 1740 autem
637 1711 727 1746 sunt,
746 1717 819 1748 qnae
835 1709 975 1746 spectant

201 1764 239 1796 ad
261 1764 432 1805 praemium
457 1763 584 1804 patriae,
606 1764 637 1793 et
659 1762 698 1793 ad
720 1761 872 1793 viaticum
896 1761 974 1798 vife;

201 1821 231 1850 et
254 1819 357 1859 prima
381 1820 456 1850 sunt
476 1817 538 1848 tria
553 1842 561 1856 ,
577 1819 608 1848 et
629 1816 792 1857 sequentia
813 1816 974 1855 quatuor:

201 1871 275 1903 hinc
289 1874 351 1910 est,
372 1871 458 1912 quod
479 1871 644 1911 petitiones
665 1870 836 1901 Dominicae
854 1868 977 1900 oratio-

202 1926 266 1963 nis,
283 1935 357 1966 quae
374 1925 489 1957 docent
503 1924 579 1965 quid
595 1926 702 1965 petere
721 1924 840 1955 utiliter
862 1924 975 1955 debea-

203 1989 296 2018 mus,
313 1981 389 2010 sunt
410 1981 541 2019 septem.
566 1979 643 2016 Quae
665 1978 750 2009 enim
773 1979 914 2017 spectant
939 1977 976 2007 ad

203 2033 350 2065 divinum
365 2032 521 2063 honorem
534 2034 565 2062 et
579 2031 751 2071 prceminm
764 2030 890 2070 patrife,
904 2032 975 2061 sunt

204 2087 267 2118 tria
281 2111 289 2125 ,
317 2086 433 2118 seilicet
459 2085 671 2125 intelligentia
693 2085 856 2123 veritatis,
883 2093 977 2116 reve-

203 2141 306 2173 rentia
326 2140 518 2181 majestatis,
545 2142 576 2170 et
600 2139 766 2170 concordia
791 2139 976 2170 voluntatis

204 2195 276 2227 Sive
290 2219 297 2233 ,
313 2203 371 2236 per
390 2194 451 2226 alia
474 2193 572 2225 verba
589 2203 595 2223 :
614 2192 668 2224 Vel
691 2194 737 2224 est
757 2192 839 2223 visio
861 2192 979 2223 summi

204 2250 272 2281 veri
283 2273 293 2287 ,
308 2249 394 2290 quod
417 2257 480 2280 non
503 2247 630 2279 videtur
645 2247 707 2278 nisi
727 2256 745 2278 a
769 2246 898 2278 mundis
913 2248 945 2277 et
961 2255 979 2277 a

205 2303 321 2335 sanctis
333 2326 340 2340 ‚
355 2304 386 2334 et
398 2303 466 2333 haec
482 2302 618 2342 petitur,
636 2310 709 2332 cum
725 2301 842 2331 dicitur
858 2310 864 2331 ε
884 2302 979 2332 Sanc-

205 2358 343 2397 tificetur
365 2364 478 2388 nomen
502 2357 611 2393 tumn,
636 2354 667 2385 id
688 2356 745 2392 est,
774 2354 818 2385 tui
841 2354 980 2384 nominis

206 2411 318 2443 notitia
332 2410 476 2450 perfectis
490 2408 608 2440 sanctis
622 2410 653 2439 et
678 2408 807 2439 mundis
824 2408 958 2438 donetur
971 2419 977 2444 ;

207 2465 257 2496 vel
273 2466 319 2495 est
334 2464 432 2494 tentio
447 2462 567 2494 summi
583 2461 686 2499 ardui,
700 2470 772 2500 quae
789 2470 881 2499 reges
896 2461 978 2498 facit,

208 2521 238 2550 et
251 2527 307 2559 per
322 2525 420 2557 quam
434 2524 574 2555 regnum
593 2515 746 2551 habetur,
763 2516 793 2545 et
813 2514 882 2544 haec
899 2514 980 2553 peti-

208 2575 278 2611 tur,
296 2579 370 2602 eum
385 2570 500 2601 dicitur
517 2580 523 2599 z
541 2569 704 2601 Aclvem'al
723 2575 855 2608 reanum
871 2571 958 2599 tuum
969 2577 981 2606 ;

208 2626 259 2658 vel
284 2626 330 2656 est
349 2623 458 2655 fruitio
473 2623 591 2653 summi
607 2622 682 2652 boni
693 2646 700 2660 ‚
717 2630 791 2661 quae
808 2630 872 2652 non
887 2621 981 2652 datur

209 2680 268 2711 nisi
283 2679 347 2717 his,
364 2677 419 2718 qui
438 2676 618 2708 voluntates
639 2686 713 2707 suas
730 2675 846 2706 habent
863 2675 980 2706 divinae

771 187 1027 226 BREVILOQUII
1049 182 1153 220 PARS
1172 188 1210 220 V.

1021 255 1178 288 voluntati
1189 256 1383 295 conformes,
1397 257 1430 288 et
1442 255 1514 288 haec
1525 255 1646 297 petitur
1659 264 1732 288 eum
1748 255 1792 288 di—

1017 310 1099 341 citur
1116 320 1123 340 :
1140 310 1218 343 Fiat
1235 309 1384 343 voluntas
1405 312 1463 342 tua
1474 333 1482 348 ,
1499 309 1585 342 sicut
1600 310 1638 341 in
1655 309 1750 349 coelo,
1763 313 1792 342 et

1017 365 1055 396 in
1069 366 1165 396 terra.
1181 363 1260 402 Quae
1273 365 1381 394 autem
1396 364 1541 403 spectant
1561 362 1601 394 ad
1621 362 1791 394 transitum

1018 417 1097 456 viae,
1113 419 1169 449 aut
1187 417 1363 458 respiciunt
1376 416 1578 448 collationem
1592 417 1669 448 boni
1683 417 1792 448 conte-

1019 471 1118 503 rentis
1127 496 1138 510 ‚
1155 473 1211 503 aut
1223 470 1418 502 amotionem
1432 470 1509 502 mali
1524 470 1679 502 nocentis.
1691 470 1792 502 Colla-

1020 525 1064 556 tio
1077 527 1185 556 autem
1204 525 1280 556 boni
1301 524 1492 556 conferentis
1513 524 1633 565 petitur
1654 525 1689 556 in
1712 533 1794 565 pane

1020 578 1227 619 quotidiano,
1245 578 1314 610 sive
1336 578 1660 619 supersubstantiali,
1675 579 1710 610 in
1730 587 1794 620 quo

1021 633 1142 674 petitur
1151 632 1310 673 quidquid
1323 633 1539 664 necessarium
1554 634 1602 664 est
1617 633 1657 664 ad
1672 641 1796 664 conser-

1021 686 1182 718 vationem
1206 686 1284 718 vitae
1310 687 1494 727 praesentis,
1521 687 1590 719 sive
1618 687 1795 719 secundum

1022 740 1172 781 spiritum
1187 764 1196 779 ,
1224 739 1292 772 sive
1317 740 1493 772 secuudum
1516 735 1643 781 corpu‘s.
1669 741 1797 773 Amotio

1023 796 1132 826 autem
1146 794 1221 825 mali
1241 794 1382 825 nocentis
1403 794 1522 834 petitur
1544 794 1577 825 in
1593 794 1696 826 tribus
1716 795 1795 835 peti-

1026 848 1164 879 tionibus
1191 847 1313 879 ultimis
1338 859 1344 879 :
1370 847 1447 888 quia
1473 856 1569 879 omne
1597 847 1720 879 malum
1743 850 1799 879 aut

1024 903 1109 934 tenet
1136 902 1293 934 rationem
1317 901 1492 943 praeteriti,
1516 903 1574 933 aut
1596 901 1718 939 futuri,
1743 907 1800 933 aut

1025 955 1201 996 praesentis.
1231 955 1286 986 Vel
1315 955 1422 994 aliter,
1445 959 1502 986 aut
1529 956 1616 986 tenet
1643 954 1800 986 rationem

1026 1009 1102 1040 mali
1125 1009 1248 1050 culpae,
1272 1012 1328 1041 aut
1348 1017 1484 1050 pugnae,
1509 1011 1566 1040 aut
1590 1017 1703 1049 poenae.
1732 1008 1802 1039 Pri·

1027 1071 1117 1094 mum
1133 1062 1252 1103 petitur
1270 1062 1413 1094 amoveri
1428 1063 1460 1093 in
1481 1062 1666 1093 dimissione
1680 1061 1801 1092 ‹lebito-

1027 1126 1119 1155 rum;
1135 1117 1333 1154 secundum,
1355 1117 1388 1147 in
1411 1115 1543 1147 victoria
1566 1115 1797 1152 tentationnm;

1028 1169 1160 1200 tertium
1172 1193 1180 1207 ,
1196 1170 1228 1199 et
1251 1168 1402 1199 ultimum
1413 1192 1421 1206 ,
1443 1167 1475 1198 in
1492 1167 1677 1198 liberatione
1691 1166 1732 1197 ab
1747 1175 1802 1206 op—

1028 1222 1190 1263 pressione
1213 1220 1382 1252 malorum.
1401 1220 1439 1252 Et
1461 1221 1506 1252 sic
1528 1223 1649 1260 septem
1671 1220 1705 1251 in
1728 1219 1803 1251 uni-

1030 1285 1122 1307 verso
1141 1278 1215 1306 sunt
1236 1275 1418 1316 petitiones,
1437 1275 1468 1305 in
1490 1274 1609 1314 quibus
1635 1273 1803 1304 universa-

1030 1329 1102 1361 liter
1119 1330 1236 1370 petitur
1258 1328 1412 1369 quidquid
1430 1327 1600 1368 petendum
1615 1329 1673 1358 est.
1691 1326 1727 1357 Et
1743 1325 1803 1357 hoe

1031 1383 1159 1424 quidem
1175 1383 1250 1413 satis
1265 1385 1386 1413 rectum
1399 1406 1407 1420 ‚
1422 1384 1457 1413 ut
1471 1381 1668 1422 septenarius
1683 1380 1805 1420 petitio-

1031 1445 1110 1467 num
1123 1435 1312 1476 respondeat
1332 1434 1509 1475 septenario
1529 1434 1711 1464 divinorum
1732 1433 1804 1463 clia-

1032 1490 1216 1528 riSmatum,
1233 1491 1264 1520 et
1283 1489 1440 1520 donorum
1464 1489 1576 1528 gratiae
1598 1487 1802 1527 septiformis.

1033 1545 1166 1586 Propter
1180 1545 1265 1586 quod
1285 1544 1462 1576 notandum
1476 1547 1538 1582 est,
1560 1543 1645 1583 quod
1660 1544 1805 1584 septifor—

1033 1654 1197 1694 Scriptura
1217 1652 1495 1688 considerandum,
1517 1651 1634 1682 scilicet
1655 1651 1805 1682 vitiorum

1033 1708 1215 1748 capitalium
1239 1731 1247 1743 ,

1034 1762 1222 1799 donorum,
1250 1760 1484 1791 beatitudinum
1503 1784 1511 1797 ‚
1542 1759 1749 1799 petitionum,
1777 1762 1808 1790 et

1034 1816 1144 1847 dotum
1176 1815 1389 1855 gloriosarum
1415 1838 1423 1852 ,
1449 1813 1546 1844 trium
1574 1813 1691 1844 scilicet
1713 1812 1805 1852 spiri—

1035 1868 1169 1900 tualium
1183 1893 1190 1906 ,
1209 1871 1239 1899 et
1261 1870 1398 1908 quatuor
1420 1866 1651 1906 corporalium,
1668 1868 1703 1896 ut
1727 1866 1807 1896 inte-

1035 1923 1101 1954 rius
1120 1922 1294 1963 apparebit.
1318 1921 1469 1961 Proponit
1490 1929 1568 1959 ergo
1591 1919 1807 1959 septenarium

1035 1976 1206 2012 vitiorum,
1228 1977 1380 2014 tanquam
1407 1974 1562 2013 primum,
1587 1982 1605 2003 a
1629 1981 1693 2012 quo
1713 1972 1807 2002 debe-

1037 2038 1108 2060 mus
1123 2028 1286 2065 reeedere3
1303 2027 1518 2067 septenarium
1534 2029 1807 2056 sacramentorum

1035 2082 1211 2114 secundum
1225 2105 1234 2120 ,
1261 2091 1316 2121 per
1340 2090 1437 2120 quem
1467 2079 1618 2111 debemus
1642 2078 1806 2115 incede1·e;

1035 2136 1250 2177 septenarium
1273 2135 1384 2165 dotum
1406 2133 1574 2168 ultimum,
1594 2141 1691 2172 quem
1712 2131 1808 2163 debe-

1037 2200 1110 2222 mus
1124 2191 1292 2230 appetere;
1310 2187 1524 2228 septenarium
1547 2187 1736 2227 petitionum
1756 2195 1808 2226 pe-

1037 2244 1209 2275 nultimum
1222 2267 1229 2280 ,
1248 2243 1280 2272 in
1303 2251 1367 2282 quo
1387 2241 1539 2272 debemus
1561 2243 1666 2280 petere
1685 2249 1692 2270 ε
1708 2243 1808 2279 septe-

1038 2298 1165 2329 narium
1190 2299 1295 2328 autem
1312 2291 1489 2333 virtutum,
1507 2294 1664 2325 donorum
1688 2295 1717 2324 et
1742 2294 1810 2323 bea-

1039 2351 1238 2388 titudinnm,
1275 2349 1431 2389 triplicem
1470 2347 1722 2383 intermedium⁷
1754 2354 1810 2385 per

1037 2415 1133 2446 quem
1155 2404 1307 2435 debemus
1324 2402 1458 2433 transire
1481 2413 1486 2432 :
1510 2405 1542 2432 ut
1559 2401 1601 2430 sie
1616 2401 1623 2416 ¹
1641 2400 1756 2439 septies
1775 2400 1811 2430 z'n

1037 2459 1090 2490 (lle
1118 2458 1282 2489 laudantes
1312 2465 1429 2486 nomen
1459 2454 1582 2485 Domini
1609 2456 1640 2484 et
1667 2456 1808 2489 orantes,

1038 2514 1246 2552 impetremus
1284 2510 1423 2549 gratiam
1458 2507 1673 2547 septiformem
1712 2506 1810 2536 virtu-

1039 2569 1106 2596 tum
1120 2589 1128 2603 ,
1153 2565 1310 2595 donorum
1332 2567 1361 2593 et
1383 2561 1636 2597 beatitudinum,
1655 2569 1717 2599 qua
1741 2559 1811 2589 vivi-

1074 2681 1157 2706 ¹1’s«l.
1174 2686 1264 2709 cxviii,
1283 2681 1332 2703 1234.

1848 1558 1898 1582 Suq-⁸

1281 1709 1554 1737 sacramentorum
1582 1729 1590 1743 ‚
1621 1705 1777 1736 virtutum
1796 1686 1927 1742 ,siff—iffa

1901 1561 1924 1576 ρ.

1033 1610 1117 1631 mem
1153 1599 1367 1639 septenarium
1406 1598 1553 1639 proponit
1589 1598 1680 1640 nobis
1717 1607 1805 1628 sacra
1823 1594 1924 1644 {ffi'ffl

1831 1656 1872 1669 1¹⁰*
1892 1656 1917 1670 PX
