2003 3037
515 214 565 249 DE
586 213 801 247 TRINITATE
826 211 1094 244 PERSONARUM
1119 212 1170 244 ET
1192 213 1367 246 UNITATE
1388 213 1465 246 DEl.

188 285 357 324 tuitarum,
373 292 410 315 ac
424 292 481 324 per
499 283 559 315 hoc
576 291 689 315 rerum
709 281 805 313 etiam
829 280 967 312 mutabi-

188 339 281 378 lium,
299 337 498 370 sensibilium
515 339 547 368 et
560 335 873 375 circumscriptarum
887 345 892 365 :
910 343 966 375 per

189 403 270 434 quas
285 393 357 424 licet
377 392 444 432 ipse
459 391 499 423 sit
513 390 736 428 immutabilis,
754 388 964 426 insensibilis,

190 444 548 486 incircumscriptibilis,
573 443 712 483 seipsum
736 442 839 474 reddit
864 441 965 472 mani-

78 514 168 536 neusin
191 500 307 532 festum
328 501 359 531 et
387 500 512 530 notum.
538 497 650 528 Reddit
674 498 780 527 autem
805 505 838 527 se
862 496 965 526 mani·

70 546 169 567 ⁰¹¹¹¹¹³b¹¹⁵
193 555 308 586 festum
322 555 353 585 et
367 554 481 585 notum
497 551 690 591 generaliter
702 560 758 592 per
773 549 966 581 universita-

133 585 144 598 e
157 590 164 594 .

69 584 167 636 *mansu
193 610 257 640 tem
271 615 404 639 suorum
415 606 588 637 effectuum
599 605 639 636 ab
651 605 719 646 ipso
734 604 965 641 emanantium,

1739 216 1798 246 253

1062 281 1154 313 Mim·
1175 290 1251 313 vero
1273 282 1349 313 dicit
1371 282 1501 314 effectus
1526 281 1702 322 praedictos,
1724 289 1799 312 cum
1839 285 1910 321 mini,

1022 337 1142 367 aeterna
1155 336 1372 376 productione.
1390 336 1479 368 Tunc
1491 336 1579 368 enim
1595 335 1688 368 Pater
1704 335 1801 366 mittit
1815 316 1881 368 32¹5„
1889 316 1922 367 ‘ii-

1022 388 1150 427 Filium,
1165 398 1238 420 cum
1254 389 1396 420 faciendo
1410 399 1485 420 eum
1502 390 1594 421 nobis
1609 391 1801 430 praesentem
1822 379 1883 404 *Μ’
1895 381 1916 399 ²¹

1022 451 1079 482 per
1093 442 1249 480 notitiam,
1267 442 1317 473 vel
1339 443 1487 482 gratiam,
1505 443 1647 474 insinuat
1663 443 1747 483 quod
1761 443 1802 474 ab
1828 411 1913 494 {2pr

1022 496 1092 536 ipso
1107 496 1257 536 procedit.
1274 496 1311 527 Et
1321 496 1396 536 quia
1412 496 1503 527 Pater
1516 506 1535 528 a
1551 496 1639 527 nullo
1649 496 1800 537 procedit,
1881 488 1887 495 ’

1022 549 1094 581 11100
1105 559 1264 590 nusquam
1279 550 1394 580 dicitur
1409 550 1504 581 mitti.
1520 549 1600 588 Quia
1613 558 1690 580 vero
1705 549 1803 581 Filius

1024 605 1058 634 et
1077 603 1242 643 producit,
1268 605 1298 634 et
1324 603 1527 644 producitur,
1544 603 1615 634 ideo
1643 602 1753 641 mittit,
1772 604 1804 633 et

75 1691 181 1717 Quaelibet

84 1729 174 1750 perarua

93 1754 164 1774 divina

95 1788 164 1812 potest

92 1824 131 1844 per
146 1824 167 1838 sc

85 1855 164 1876 appare
173 1861 176 1864 -

80 639 163 692 1131ιῖ1
192 663 224 693 in
237 661 352 702 quibus
365 659 481 691 dicitur
494 668 562 690 esse
582 668 638 699 per
657 659 837 696 essentiam,
853 660 964 698 poten-
1023 657 1172 687 mittitur.
1189 656 1270 694 Quia
1284 665 1362 687 vero
1378 656 1515 696 Spiritus
1530 657 1657 686 sanctus
1672 657 1805 686 aeterna-

77 704 170 750 Ρῖεἶῗιῗ
192 715 268 746 tiam
292 716 323 745 et
348 713 564 754 praesentiam,
590 712 675 753 quod
699 721 732 743 se
760 711 902 743 extendit
929 711 967 742 ad
1023 710 1096 741 liter
1119 710 1321 750 producitur,
1341 709 1392 740 sed
1411 718 1475 740 non
1499 709 1663 749 producit,
1683 709 1744 739 nisi
1763 717 1804 740 ex

191 767 298 799 omnia
310 769 425 798 creata.
443 766 555 797 Reddit
565 766 660 797 etiam
676 775 709 796 50
725 765 901 806 specialiter
916 773 968 795 no-

191 823 260 852 tum
274 830 331 861 per
346 821 470 861 aliquos
488 820 630 858 effectus,
646 819 701 860 qui
724 820 755 849 in
771 820 878 860 ipsum
893 828 968 858 spe-

190 875 310 906 cialiter
329 875 466 913 ducunt,
484 874 608 904 ratione
621 883 759 914 quorum
775 874 893 905 dicitur
907 873 969 904 ha·-

190 929 308 967 bitare,
325 937 494 968 apparere,
511 928 714 967 descendere,
732 927 832 966 mitti,
849 929 880 958 et
893 927 966 958 mit-

192 984 268 1013 tere.
292 982 441 1013 Habitare
460 991 601 1022 namque
620 982 694 1012 (licit
713 981 860 1012 effectum
874 981 967 1021 spiri-

191 1035 310 1066 tualem
321 1038 351 1066 et
365 1035 544 1075 specialem,
560 1044 632 1065 011111
649 1034 875 1075 acceptatione3
889 1035 971 1065 sicut

191 1091 238 1119 est
251 1088 382 1119 effectus
398 1088 513 1128 gratiae
528 1091 658 1127 gratum
669 1088 822 1125 facientis,
836 1097 908 1128 quae
924 1090 970 1118 051

191 1141 364 1180 deiformis,
377 1143 409 1172 et
424 1143 457 1172 in
472 1141 573 1172 Deum
587 1142 720 1180 reducit,
737 1144 768 1172 01
781 1141 879 1171 Deum
896 1141 970 1171 facit

191 1204 249 1226 nos
263 1196 400 1233 habere,
417 1197 447 1226 et
460 1195 572 1226 haberi
587 1205 606 1225 a
620 1195 726 1232 nobis,
743 1205 779 1225 ac
794 1204 851 1235 per
866 1195 926 1225 hoc
941 1198 971 1225 et

192 1248 371 1279 inhabitare
394 1249 428 1279 in
443 1249 543 1280 nobis.
565 1249 601 1279 Et
617 1249 692 1288 quia
712 1249 825 1288 gratiae
841 1249 971 1279 effectus

193 1303 374 1333 communis
391 1305 438 1333 est
457 1303 605 1333 omnibus
626 1303 789 1342 personis,
814 1303 884 1334 ideo
908 1313 972 1334 nna

194 1363 329 1394 persona
352 1363 417 1385 non
441 1355 564 1385 habitat
589 1355 657 1386 sine
683 1355 763 1393 alia,
788 1355 853 1386 imo
876 1355 971 1386 simul

194 1410 259 1439 tota
276 1408 425 1439 Trinitas.
452 1409 614 1449 Apparere
638 1418 714 1440 vero
730 1409 805 1440 dicit
822 1409 970 1440 effectum

194 1461 375 1492 sensibilem
389 1471 462 1492 cum
471 1471 622 1502 expressa
633 1463 879 1501 significatione,
892 1463 973 1493 sicut

196 1515 334 1555 Spiritus
347 1518 474 1546 sanctus
490 1517 637 1556 apparuit
653 1517 687 1547 in
703 1517 862 1547 columba.

235 1569 273 1599 Et
284 1569 437 1609 quoniam
446 1570 526 1600 sicut
537 1579 681 1609 personae
690 1570 808 1601 divinae
819 1571 972 1601 distinctae

196 1625 289 1661 sunt,
323 1623 367 1653 sic
395 1623 539 1653 distincte
565 1623 741 1662 significari
771 1627 919 1663 possunt,
943 1627 974 1654 et

196 1677 308 1715 signis,
325 1679 355 1707 et
370 1676 571 1714 nominibus3
590 1677 661 1707 ideo
677 1677 827 1716 quaelibet
838 1687 973 1717 persona

197 1733 297 1770 potest
320 1739 375 1770 per
394 1739 427 1760 se
442 1739 614 1770 apparere,
643 1732 674 1760 et
696 1730 852 1770 apparitio
872 1734 974 1771 potest

196 1784 346 1815 omnibus
366 1787 556 1824 competere,
574 1784 642 1815 sive
662 1784 811 1823 insimul,
825 1785 893 1815 sive
906 1786 973 1816 cui-

196 1837 272 1868 libet
296 1847 440 1878 personae
466 1847 521 1878 per
546 1846 588 1868 se.
620 1837 708 1868 Unde
727 1838 811 1878 quod
838 1838 974 1878 Spiritus

198 1893 325 1922 sanctus
340 1891 454 1922 dicitur
469 1891 501 1921 in
517 1891 639 1929 linguis
660 1891 766 1930 igneis
780 1894 811 1921 et
826 1892 974 1922 columba

199 1945 392 1984 apparuisse,
410 1945 469 1976 hoc
484 1954 549 1975 non
565 1948 611 1975 est
626 1948 753 1984 propter
768 1955 891 1976 novum
906 1947 975 1977 vin-

199 1998 320 2037 culum,
337 1998 389 2029 vel
403 1998 552 2029 effectum
571 1999 752 2038 specialem,
772 2000 826 2030 sed
848 2002 975 2040 propter

201 2051 371 2089 1101011001,
388 2061 460 2091 quae
480 2054 528 2082 est
548 2052 631 2082 inter
654 2053 797 2091 signum,
820 2053 973 2092 015130ον-

200 2106 269 2134 tum
285 2105 343 2135 sibi
364 2105 550 2144 specialiter,
567 2108 598 2136 et
614 2107 717 2144 modo,
735 2109 766 2137 et
780 2107 906 2145 origine
921 2107 977 2137 de-

201 2160 359 2195 putatum.
372 2158 563 2189 Descendere
577 2152 685 2189 autem
700 2159 774 2190 dicit
789 2160 977 2190 utrumlibet

200 2210 369 2241 effectuum
392 2211 628 2250 praedictorum,
654 2221 727 2242 cum
752 2213 973 2243 inchoatione:

202 2263 284 2294 Deus
308 2264 394 2294 0111111
418 2265 608 2295 beatissimis
635 2265 758 2304 angelis
782 2275 906 2305 semper
932 2270 979 2296 est

201 2326 343 2357 praesens
358 2319 391 2349 in
405 2319 502 2356 coelis,
519 2319 594 2359 quia
610 2319 642 2348 in
658 2319 702 2349 eis
719 2328 842 2359 semper
856 2319 979 2350 habitat

201 2374 232 2401 et
247 2375 387 2411 apparet.
410 2372 631 2403 Peccatoribus
649 2375 756 2403 autem
777 2373 809 2403 in
824 2373 917 2403 terris
932 2376 978 2404 051

202 2425 296 2456 modo
309 2428 345 2456 nt
359 2427 486 2464 absens,
501 2430 530 2462 et
546 2429 702 2466 quantuni
718 2426 757 2456 ad
776 2429 911 2464 gratiam
923 2451 930 2465 ,
948 2430 979 2457 et

203 2482 360 2518 quantum
374 2480 412 2510 ad
428 2480 571 2510 notitiam
591 2490 596 2509 .·
615 2480 684 2509 ideo
698 2488 769 2509 cum
794 2480 906 2519 incipit
919 2490 978 2520 ap—

204 2540 326 2570 parere,
344 2533 394 2563 vel
408 2533 597 2571 inhabitare,
615 2534 653 2563 de
664 2535 819 2572 praesente
835 2534 931 2572 coelis,
948 2537 979 2564 et

205 2586 294 2624 quasi
320 2587 448 2616 absente
467 2587 579 2624 nobis,
605 2586 639 2616 nt
662 2595 802 2625 praesens
825 2587 931 2624 terris;
949 2591 979 2618 et

206 2638 275 2668 ideo
289 2638 361 2669 licet
376 2640 410 2670 in
433 2649 466 2670 se
484 2650 547 2671 0011
570 2641 722 2678 mutetur,
738 2643 844 2670 tamen
866 2641 980 2672 dicitur

204 2691 392 2723 descendere
406 2693 506 2724 nobis.

1024 766 1166 804 tempore
1176 775 1183 802 ;
1195 764 1266 795 ideo
1276 764 1375 804 ipsius
1385 765 1433 794 est
1445 763 1572 803 proprie
1587 762 1681 801 mitti,
1700 764 1732 793 et
1739 771 1804 793 non

1024 818 1161 856 mittere,
1178 818 1239 848 nisi
1254 819 1400 857 respectu
1422 819 1587 847 creaturae.
1607 816 1655 847 Ex
1672 826 1737 856 quo
1751 825 1805 856 ap-

1025 875 1131 912 parot,
1154 872 1239 912 quod
1264 871 1315 902 hae
1342 873 1418 902 sunt
1442 870 1628 911 impropriae
1652 872 1683 901 et
1705 878 1805 910 expo-

1025 926 1138 957 nendae
1151 937 1157 956 z
1173 925 1329 965 «Spiritus
1341 927 1471 955 sanctus
1482 925 1578 955 mittit
1592 933 1625 955 se
1638 935 1644 955 :
1656 934 1670 953 »
1681 935 1695 952 «
1707 923 1805 963 Spiri-

1025 982 1079 1010 tus
1093 981 1222 1010 sanetus
1246 978 1344 1009 mittit
1366 977 1482 1008 Filium
1501 989 1507 1008 z
1527 989 1541 1006 »
1565 989 1579 1006 «
1596 977 1692 1008 Filius
1707 977 1804 1007 mittit

1026 1034 1182 1073 seipsum3
1201 1043 1215 1061 »
1241 1033 1301 1062 nisi
1316 1032 1516 1071 intelligatur
1537 1032 1571 1062 in
1586 1033 1743 1072 quantum
1759 1033 1806 1062 est

1026 1087 1064 1117 de
1081 1085 1215 1125 Virgine
1231 1088 1335 1116 natus.
1354 1085 1442 1116 Patet
1456 1085 1552 1115 etiam
1567 1094 1666 1125 quare
1681 1082 1806 1115 mittere

1026 1141 1057 1170 01
1072 1139 1156 1169 011111
1178 1148 1242 1170 1100
1267 1139 1419 1178 competit
1442 1139 1610 1176 omnibus,
1635 1139 1712 1178 quia
1734 1139 1806 1169 licet

1027 1193 1107 1223 (lit-at
1123 1192 1270 1223 effectum
1287 1193 1320 1222 in
1336 1194 1495 1230 creatura,
1513 1192 1587 1222 dicit
1602 1193 1708 1222 tamen
1723 1191 1806 1222 rela—

1026 1247 1146 1278 tionem
1170 1247 1376 1277 intrinsecam
1396 1258 1402 1277 :
1428 1247 1467 1276 ita
1486 1247 1570 1286 quod
1585 1246 1711 1277 mittere
1733 1246 1807 1276 dicit

1027 1302 1147 1332 auctori
1154 1304 1260 1340 tatem,
1277 1302 1361 1332 mitti
1372 1302 1668 1339 subauctoritatem,
1685 1301 1806 1331 ratione

1027 1355 1243 1395 productionis
1259 1357 1388 1385 aeternae
1403 1355 1536 1385 interius
1552 1355 1744 1394 importatae.

1275 1470 1452 1503 CAPUT
1490 1470 1557 1503 VI.

1084 1556 1119 1580 De
1138 1555 1242 1581 unitate
1261 1554 1362 1581 divinoe
1382 1558 1486 1581 naturae
1506 1556 1534 1580 in
1553 1554 1756 1588 multiplicitate

1288 1600 1539 1634 appropriatorum.

1069 1678 1175 1709 Tertio
1189 1688 1263 1709 vero
1279 1679 1316 1709 de
1332 1679 1512 1719 pluralitate
1527 1679 1806 1718 appropriatorum

1029 1732 1089 1762 hoc
1115 1732 1203 1762 docet
1225 1742 1313 1763 sacra
1339 1733 1501 1772 Scriptura
1523 1742 1591 1763 esse
1613 1732 1805 1770 tenendum,

1029 1786 1113 1826 quod
1131 1785 1201 1816 licet
1216 1786 1326 1816 omnia
1339 1786 1518 1816 essentialia
1532 1786 1682 1816 omnibus
1698 1795 1805 1825 perso-

1029 1840 1079 1869 nis
1107 1839 1272 1879 aequaliter
1300 1841 1331 1869 et
1354 1839 1571 1869 indifferenter
1597 1839 1804 1876 conveniant,

1030 1896 1135 1923 tamen
1152 1892 1233 1922 l'atri
1251 1893 1365 1922 ‹elicit-ur
1380 1892 1577 1932 appropriari
1595 1892 1710 1929 unitas,
1729 1892 1807 1922 Filio

1030 1948 1165 1985 veritas,
1192 1946 1323 1986 Spiritui
1352 1948 1460 1976 sancto
1491 1946 1623 1975 bonitas.
1656 1945 1694 1975 Et
1713 1946 1807 1984 juxta

1031 2001 1112 2031 hauc
1125 2000 1263 2031 sumitur
1278 1999 1415 2030 secunda
1430 1998 1645 2038 appropriatio
1658 1998 1768 2029 Hilarii
1784 2000 1805 2037 ¹,

1031 2054 1145 2085 scilicet
1165 2053 1326 2084 aeternitas
1351 2052 1384 2082 in
1401 2052 1510 2089 Patre,
1535 2052 1653 2091 species
1676 2052 1707 2082 in
1724 2052 1807 2082 ima-

1033 2108 1119 2147 gine,
1137 2109 1167 2137 et
1183 2117 1258 2138 usus
1273 2107 1305 2137 in
1322 2115 1466 2136 munere.
1485 2105 1523 2136 Et
1536 2106 1630 2144 juxta
1652 2106 1736 2136 hanc
1751 2115 1806 2136 su·⁴

1032 2161 1131 2191 mitur
1155 2160 1262 2198 tertia,
1289 2160 1404 2190 scilicet
1427 2161 1459 2189 in
1476 2159 1569 2190 Patre
1592 2160 1671 2189 ratio
1687 2159 1808 2198 princi-

1031 2214 1151 2253 piandi,
1168 2214 1201 2243 in
1216 2213 1295 2243 Filio
1311 2213 1390 2243 ratio
1407 2212 1620 2252 exemplandi,
1639 2212 1672 2242 10
1688 2211 1810 2252 Spiritu

1032 2268 1140 2297 sancto
1156 2266 1234 2296 ratio
1247 2265 1388 2295 finiendi.
1408 2265 1445 2295 Et
1461 2266 1556 2304 juxta
1570 2265 1653 2295 hanc
1671 2266 1811 2296 sumitur

1033 2322 1164 2360 quarta,
1189 2319 1305 2349 scilicet
1328 2319 1557 2358 omnipotentia
1583 2318 1685 2356 Patri,
1705 2319 1811 2349 omni-

1033 2373 1163 2403 scientia
1194 2372 1288 2410 Filio,
1321 2371 1469 2402 voluntas
1503 2382 1560 2402 seu
1591 2372 1811 2403 benevolentia

1033 2426 1165 2466 Spiritui
1181 2427 1299 2455 sancto.
1318 2424 1392 2455 Haec
1407 2427 1513 2455 autem
1528 2425 1678 2456 dicuntur
1693 2434 1810 2468 appro-

1034 2481 1143 2519 priari,
1160 2488 1222 2509 nou
1240 2478 1316 2518 quia
1332 2481 1408 2508 liant
1430 2479 1570 2518 propria,
1587 2489 1661 2509 01101
1685 2487 1811 2518 semper

1034 2535 1096 2563 sint
1111 2532 1311 2569 communia;
1328 2531 1381 2561 sed
1397 2532 1471 2570 quia
1493 2533 1614 2562 ducunt
1638 2532 1676 2562 ad
1694 2532 1811 2562 11110111-

1034 2587 1177 2625 gentiam
1207 2586 1237 2614 et
1264 2583 1409 2613 notitiam
1439 2585 1642 2623 propriorum
1656 2608 1663 2621 ,
1694 2583 1810 2613 scilicet

1034 2640 1133 2671 trium
1151 2646 1372 2678 personarum.

1070 2704 1074 2716 ¹
1088 2701 1176 2731 nitar„
1189 2700 1219 2723 de
1235 2699 1335 2728 Trz'nz't„
1350 2700 1392 2723 lib.
1409 2699 1441 2730 11,
1457 2706 1482 2724 n.
1499 2703 1521 2723 1.
