2003 3037
820 201 935 234 PAR'l'.
959 201 983 233 1.
1005 199 1112 233 SECT.
1135 199 1213 233 XXI.

212 273 330 305 scilicet
345 272 428 304 circa
448 280 617 313 personam
629 295 637 311 ,
655 270 705 302 ira
725 278 782 311 per
803 269 920 301 vitium
933 293 942 306 ,
957 271 989 300 et

211 326 259 358 ira
274 336 330 368 per
345 326 466 366 zelum,
491 334 587 366 quam
612 326 748 365 utraque
771 323 842 355 vult
867 322 986 363 puniri.

211 380 272 413 Sed
292 381 341 412 ira
362 389 419 422 per
441 379 557 411 vitium
576 379 646 409 vult
667 377 752 418 quod
767 385 904 418 persona
924 386 988 417 pu-

211 435 318 467 niatur
334 459 342 475 ,
369 435 407 466 ut
429 433 474 464 sic
496 432 629 464 satietur
651 431 792 464 vindicta
819 439 986 471 personae3

210 489 259 520 ira
273 497 350 521 vero
365 496 421 529 per
433 486 536 518 zelum
555 486 675 527 appetit
697 485 899 526 punitionem
916 493 988 525 per-

210 551 299 574 sonae
311 566 319 582 ,
335 543 372 573 ut
385 541 527 572 destruat
547 539 663 571 vitium
685 539 719 569 in
740 547 888 579 persona.
910 538 986 570 Bre-

209 596 292 627 viter
304 595 353 626 ira
367 603 424 636 per
431 593 535 625 zelum
545 593 615 624 vult
625 593 829 634 punitionem
841 601 988 633 personae

209 658 284 680 cum
303 648 418 680 debitis
437 647 682 679 circumstantiis
693 656 703 686 3
725 647 774 677 ira
798 655 854 686 per
870 646 988 678 vitium

209 711 284 734 cum
298 702 459 733 indebitis.
471 701 520 733 Ad
535 701 723 742 patientiam
738 709 815 731 vero
830 700 926 731 habet
940 700 989 731 ira

208 756 441 796 oppositionem
466 755 590 786 ratione
613 755 708 792 finis,
735 754 812 794 quia
835 754 988 794 patientia

208 810 373 850 extinguit
389 810 470 841 iram
483 834 491 848 ,
510 819 551 840 ne
566 809 725 849 procedat.
748 808 829 840 Nam
846 809 905 848 qui
922 817 986 848 pa-

209 865 294 897 tiens
309 866 375 903 esc,
390 865 459 896 iras
476 864 608 903 mitiqac
627 863 802 895 suscitatas
814 886 824 898 ‚
840 864 876 893 ut
891 864 987 893 testa-

208 919 263 949 tur
278 918 430 950 Salomon
446 920 466 949 ¹.

249 971 375 1012 Species
403 972 472 1004 sive
504 971 694 1003 differentiae
728 971 785 1001 irae
818 972 894 1002 sunt
923 972 988 1002 tres

209 1026 386 1057 secundum
406 1025 677 1064 Damascenum²,
695 1025 812 1056 scilicet
832 1024 874 1056 fel
886 1048 894 1063 ,
918 1034 988 1056 ma-

208 1079 281 1118 nia,
298 1081 387 1110 cotus
399 1081 420 1110 ³.
437 1079 507 1118 Fel,
527 1079 595 1110 sive
617 1079 709 1110 fellea
728 1079 834 1119 passio
846 1102 854 1116 ‚
872 1079 988 1110 dicitur

209 1134 334 1165 subitus
348 1134 447 1165 animi
463 1136 569 1165 motus
588 1134 758 1174 impallens
779 1134 932 1170 laesionis.
949 1134 988 1165 Et

209 1189 322 1220 accidit
344 1198 385 1220 ex
405 1191 495 1229 parte
516 1189 656 1229 corporis
673 1212 683 1227 ,
707 1197 747 1219 ex
771 1189 987 1220 commotione

183 1236 186 1240 ⁸
208 1242 307 1280 fellis;
324 1244 355 1273 et
378 1251 419 1273 ex
441 1244 531 1282 parte
554 1242 690 1280 animae,
717 1251 757 1273 ex
781 1243 987 1282 corruptione

209 1296 258 1326 vis
271 1296 437 1327 irascibilis
454 1306 460 1326 :
478 1298 508 1327 et
523 1298 600 1326 tunc
620 1298 769 1327 movetur
787 1295 828 1326 fel
850 1296 889 1326 ad
913 1296 985 1327 vin-

209 1350 325 1381 dictam
336 1373 343 1387 ,
360 1352 397 1380 ut
417 1349 595 1389 expellatur
616 1348 757 1379 tristitia.
774 1349 817 1380 De
833 1358 896 1389 qua
911 1349 987 1380 dicit

208 1403 438 1443 Augustinus:
458 1414 472 1432 (ι
488 1403 545 1434 ‘Ira
566 1404 613 1433 est
636 1403 808 1433 commotio
830 1403 986 1443 passionis

208 1457 315 1488 illatae.
332 1466 347 1485 >2
366 1457 442 1488 Haec
454 1456 503 1487 ira
521 1456 582 1487 cito
596 1457 722 1487 transit.
743 1456 849 1487 Mania
869 1457 986 1488 dicitur

207 1520 342 1542 manens
360 1511 428 1549 ira,
445 1512 477 1542 et
498 1511 664 1542 memoriae
682 1511 809 1542 tradita.
828 1510 923 1542 Cotus
940 1513 986 1542 est

207 1565 256 1597 ira
269 1566 443 1597 observans
458 1566 585 1604 tempus
601 1564 640 1595 ad
655 1565 840 1596 vindictam.

248 1618 338 1649 Filiae
372 1618 430 1648 irae
448 1641 455 1655 ,
483 1618 660 1648 secundum
694 1618 824 1649 beatum
860 1618 986 1657 Grego-

207 1672 294 1702 rium
309 1671 336 1710 ⁸,
362 1673 437 1702 sunt
463 1680 519 1702 sex
536 1695 544 1710 ,
575 1671 694 1702 scilicet
718 1683 725 1702 :
752 1672 824 1703 rixa
840 1695 849 1709 ,
877 1674 986 1702 tumor

208 1725 324 1756 mentis
341 1748 349 1762 ,
374 1725 587 1763 contumelia,
614 1725 754 1764 clamor,
780 1726 961 1765 indignatio
975 1749 983 1764 ,

207 1778 415 1818 blasphemia.
432 1778 513 1809 Rixa
534 1781 581 1810 est
602 1779 708 1810 audax
724 1779 909 1811 vindicandi
924 1789 983 1811 vo-

205 1831 334 1870 luntas,
349 1832 383 1862 in
398 1831 552 1871 injuriam
567 1832 639 1863 facti
659 1833 844 1873 procedens.
862 1832 984 1864 Tumor

206 1886 322 1916 mentis
337 1888 384 1916 est
399 1885 548 1917 voluntas
562 1886 745 1917 vindicandi
759 1910 766 1923 ,
783 1886 910 1926 fugiens
927 1887 982 1918 ad-

205 1941 404 1978 versantem,
429 1942 560 1980 propter
586 1940 760 1970 aestimatas
788 1940 981 1972 inimicitias.

206 1993 404 2025 Contumelia
419 1996 464 2025 est
487 1994 637 2025 voluntas
660 1994 825 2025 vindicans
847 2003 904 2033 per
925 2004 981 2025 ex-

204 2047 442 2086 probrationem
465 2048 636 2079 malorum.
654 2047 779 2079 Clamor
798 2049 845 2078 est
865 2047 981 2078 volun-

204 2103 252 2130 tas
280 2110 313 2131 se
343 2101 509 2132 vindicans
532 2102 565 2131 in
594 2101 763 2132 exaltando
786 2110 898 2132 vocem
926 2111 983 2141 per

204 2153 420 2193 vituperium,
437 2154 477 2184 ad
500 2154 638 2185 aliorum
660 2163 754 2184 aures
780 2154 980 2193 perveniens.

205 2206 386 2245 Indignatio
413 2208 460 2236 est
489 2206 636 2237 voluntas
664 2216 697 2237 se
730 2206 895 2237 vindicans
926 2216 983 2246 per

205 2260 336 2300 signum
351 2260 505 2291 molestiae
522 2261 663 2291 exterius
680 2260 886 2291 declaratum.
900 2259 984 2291 Blas-

203 2313 334 2353 phemia
344 2315 391 2344 est
403 2313 551 2344 voluntas
566 2323 599 2344 se
614 2313 780 2345 vindicans
798 2322 854 2353 per
868 2322 981 2352 oppro-

203 2366 310 2396 brium
335 2365 397 2397 Deo
419 2366 470 2397 vel
496 2367 612 2397 sanctis
636 2366 772 2397 illatum.
797 2366 982 2397 Secundum

204 2418 363 2450 Isidorum
377 2420 387 2436 ⁵
401 2421 478 2450 sunt
502 2422 566 2451 tres
590 2420 664 2450 filiae
687 2420 762 2457 irae,
787 2419 905 2450 scilicet
926 2419 982 2449 ho-

204 2472 369 2503 micidium
385 2496 395 2510 ,
422 2473 541 2504 clamor
559 2498 568 2511 ,
600 2473 805 2513 indignatio;
834 2482 907 2513 quae
937 2473 982 2503 sic

205 2525 448 2565 distinguuntur
468 2537 474 2557 :
493 2535 569 2557 nam
590 2527 732 2558 vindicta
756 2526 893 2557 infertur
919 2526 978 2557 ho-

205 2578 334 2609 micidio
348 2588 405 2618 per
430 2588 563 2610 manum
574 2588 583 2618 3
601 2579 755 2618 clamore,
780 2588 837 2619 per
858 2588 912 2617 os3
930 2580 978 2610 in-

206 2631 389 2671 dignatione
402 2655 410 2669 ,
427 2641 483 2672 per
496 2633 640 2672 signum.

239 2693 338 2723 ¹Prov.‚
357 2699 398 2724 xv,
416 2695 452 2718 48.
470 2707 499 2712 —
518 2695 526 2709 ³
544 2696 672 2726 Damaso,
688 2695 738 2720 loc.
759 2695 801 2719 cit.
823 2707 853 2712 —
870 2694 878 2708 ³
893 2695 979 2724 Κόλος,

1764 204 1823 234 363

1276 317 1448 353 SECTIO
1485 319 1586 353 XXI.

1339 405 1377 432 De
1394 404 1508 432 Acidia.

1083 484 1233 525 Sequitur
1261 485 1369 516 videre
1398 485 1437 517 de
1467 485 1567 517 acidia
1599 489 1758 526 quantum
1783 489 1823 520 ad

1043 538 1114 576 tria,
1131 538 1250 570 scilicet
1266 541 1424 579 quantum
1447 539 1487 570 ad
1510 540 1733 572 diffinitionem
1745 566 1753 580 ,
1769 551 1824 582 op-

1042 592 1249 632 positionem,
1270 595 1302 624 et
1318 593 1410 625 filias.
1429 593 1587 625 Diffinitur
1601 596 1709 625 autem
1725 595 1770 626 sic
1783 597 1823 627 ab

1042 645 1228 686 Augustino
1257 659 1263 679 :
1292 659 1306 677 α
1328 648 1438 679 Acidia
1462 650 1509 679 est
1541 649 1674 680 taedium
1704 649 1823 681 interni

1043 700 1131 732 honi.
1153 712 1167 729 D
1200 701 1228 732 A
1250 701 1405 734 Richardo
1431 713 1438 733 ε
1465 713 1480 732 «
1505 702 1616 734 Acidia
1645 705 1693 734 est
1716 705 1824 744 torpor

1042 754 1162 793 animi,
1187 756 1309 787 bonum
1333 757 1484 789 inchoare
1512 757 1719 798 negligentis.
1750 769 1764 786 »
1797 759 1824 789 A

1043 808 1237 840 Damasceno
1251 810 1262 826 ⁶
1284 822 1291 841 ι
1314 822 1328 839 «
1348 810 1459 842 Acidia
1481 814 1527 842 est
1556 811 1682 842 tristitia
1705 821 1825 852 aggra-

1043 872 1132 894 vans.
1148 874 1163 892 »
1180 863 1208 894 A
1219 864 1385 904 magistris
1404 873 1411 895 z
1431 876 1444 894 α
1461 865 1571 897 Acidia
1589 867 1635 896 est
1649 865 1825 897 diffidentia

1043 916 1080 947 de
1094 917 1231 958 propriis
1246 918 1369 950 viribus
1390 921 1421 950 et
1443 919 1565 950 auxilio
1588 919 1644 950 Dei
1670 919 1824 960 implendi

1043 971 1154 1010 ardua,
1171 972 1239 1004 sive
1254 972 1414 1004 mandata.
1432 984 1446 1002 ›)

1083 1025 1260 1066 Opponitur
1279 1028 1387 1057 autem
1409 1026 1527 1065 acidia,
1543 1027 1576 1057 in
1596 1029 1754 1068 quantum
1778 1030 1825 1059 est

1042 1078 1218 1110 diffidentia
1240 1080 1395 1120 implendi
1417 1083 1594 1121 praecepta,
1612 1081 1725 1117 virtuti
1743 1082 1822 1122 spei,

1042 1134 1134 1173 cujus
1148 1135 1195 1164 est
1209 1134 1378 1165 confidere.
1402 1134 1437 1165 In
1456 1137 1615 1174 quantum
1629 1137 1675 1166 est
1692 1136 1824 1167 taedium

1043 1187 1160 1218 interni
1175 1187 1249 1218 boni
1261 1211 1268 1224 ,
1285 1197 1324 1218 ex
1341 1197 1404 1228 quo
1418 1190 1593 1228 generatur
1608 1189 1823 1229 pusillanimi-

1042 1243 1101 1280 tas,
1119 1242 1291 1281 opponitur
1310 1242 1422 1273 virtuti
1438 1242 1644 1274 fortitudinis.
1668 1243 1704 1274 ln
1721 1253 1824 1284 quan-

1042 1298 1113 1327 tuni
1129 1305 1221 1335 vero,
1241 1297 1326 1336 quod
1345 1298 1393 1327 est
1412 1297 1520 1335 facile,
1542 1299 1669 1337 reputat
1685 1298 1821 1338 difficile,

1042 1350 1215 1390 opponitur
1245 1350 1359 1381 virtuti
1391 1350 1573 1388 eharitatis,
1609 1360 1684 1391 quae
1715 1353 1824 1383 omnia

1042 1403 1138 1434 etiam
1159 1403 1299 1434 difficilia
1320 1404 1395 1435 facit
1416 1404 1521 1435 facilia
1540 1406 1693 1446 reputari.
1714 1405 1822 1444 Quan-

1042 1459 1112 1488 tum
1126 1467 1203 1488 vero
1218 1458 1257 1488 ad
1275 1467 1366 1488 suam
1382 1458 1563 1497 essentiam,
1578 1468 1651 1499 quae
1663 1461 1710 1490 est
1725 1460 1821 1491 tristi-

1041 1509 1096 1548 tia,
1113 1510 1284 1550 opponitur
1300 1510 1419 1549 gaudio
1434 1510 1578 1550 spiritus.

1082 1563 1210 1601 Acidia,
1235 1564 1411 1594 secundum
1442 1564 1571 1595 beatum
1593 1564 1784 1604 Gregorium
1797 1568 1819 1605 ⁷,

1042 1617 1137 1647 habet
1156 1626 1212 1647 sex
1233 1617 1331 1654 filias,
1349 1626 1421 1657 quae
1437 1620 1513 1649 sunt
1527 1618 1674 1650 videlicet
1688 1620 1819 1659 malitia,

1041 1680 1172 1710 rancor,
1196 1671 1457 1711 pusillanimitas,
1485 1673 1676 1712 desperatio,
1701 1675 1820 1714 torpor,

1043 1725 1170 1764 vagatio
1187 1725 1303 1756 mentis
1323 1725 1406 1756 cirea
1429 1725 1547 1757 illicita.
1571 1726 1689 1757 Malitia
1703 1729 1750 1758 est
1765 1737 1822 1759 vo·

1041 1778 1148 1809 luntas
1182 1778 1370 1817 gravedinis
1408 1779 1598 1818 impatiens,
1635 1780 1822 1812 machinans

1041 1832 1164 1862 malum
1192 1832 1297 1870 illius⁷
1324 1842 1421 1872 quem
1449 1833 1589 1863 aestimat
1617 1833 1819 1866 inferentem.

1041 1885 1165 1916 Rancor
1189 1888 1235 1916 est
1258 1886 1408 1916 voluntas
1434 1896 1474 1917 ex
1504 1887 1692 1927 impotentia
1717 1888 1818 1928 repel-

1040 1939 1142 1970 lendae
1159 1939 1344 1978 gravedinis
1360 1940 1532 1970 amaricata
1543 1965 1550 1978 ,
1573 1941 1820 1972 amaritudinem

1040 1994 1126 2024 intus
1149 1993 1291 2025 clausam
1313 2004 1370 2034 per
1393 1995 1527 2034 signum
1551 1996 1693 2026 exterius
1716 1997 1818 2026 mani-

1038 2048 1166 2078 festans.
1192 2047 1442 2079 Pusillanimitas
1463 2050 1510 2079 est
1532 2049 1681 2080 voluntas
1704 2049 1821 2080 immo-

1040 2101 1146 2132 derate
1175 2104 1321 2133 metuens
1351 2103 1561 2141 gravedinem
1594 2103 1627 2133 in
1661 2113 1820 2143 aggressu

1039 2155 1260 2194 agendorum,
1278 2156 1345 2186 sive
1361 2155 1399 2186 de
1413 2157 1549 2196 propriis
1565 2157 1687 2187 viribus
1703 2157 1820 2188 immo-

1039 2208 1145 2238 derate
1177 2209 1335 2239 diffidens.
1374 2209 1554 2249 Desperatio
1592 2212 1638 2241 est
1671 2211 1820 2242 voluntas

1039 2261 1247 2299 gravedinem
1266 2262 1455 2302 reprimens,
1473 2263 1511 2293 de
1522 2263 1681 2303 adjutorio
1693 2265 1731 2295 ad
1747 2275 1817 2304 per-

1039 2313 1172 2344 ficienda
1191 2315 1319 2353 agenda
1339 2315 1501 2354 diffidens,
1519 2316 1586 2347 sive
1609 2317 1647 2347 de
1667 2326 1817 2348 remune-

1038 2367 1161 2397 ratione
1187 2367 1314 2406 divina,
1342 2371 1470 2408 propter
1494 2370 1716 2401 sustinentiam
1742 2380 1817 2410 gra-

1038 2420 1162 2450 vedinis
1189 2430 1261 2460 quae
1292 2423 1339 2451 est
1368 2422 1400 2452 in
1434 2422 1603 2462 implendis
1632 2425 1816 2465 praeceptiS,

1038 2474 1193 2505 diffidens.
1226 2475 1348 2515 Torpor
1377 2477 1423 2506 est
1454 2476 1604 2507 voluntas
1635 2478 1818 2516 gravedinis

1037 2527 1215 2567 impatiens,
1234 2529 1356 2569 tepida,
1374 2529 1425 2560 vel
1440 2529 1536 2569 pigra
1550 2530 1590 2561 ad
1604 2531 1815 2571 expletionem

1039 2630 1119 2656 μῆνις,
1139 2627 1217 2654 κότος.
1232 2640 1262 2644 -
1279 2628 1289 2643 ⁶
1307 2628 1393 2659 Greg.‚
1412 2628 1461 2652 loc.
1481 2629 1522 2652 cit.
1538 2642 1568 2646 —
1585 2631 1596 2646 5
1613 2630 1681 2659 isid„
1700 2630 1749 2653 loc.
1772 2630 1814 2654 cit.

1038 2675 1067 2679 —
1079 2664 1087 2675 ἢ
1101 2664 1230 2693 Damaso„
1244 2663 1273 2686 de
1289 2663 1348 2687 Fid.
1367 2664 1553 2695 01·tlz.,lih.11,
1565 2671 1692 2689 c.11V.-—
1710 2666 1814 2698 ⁷Greg.,

1037 2697 1138 2728 Δάοι-αλ,
1153 2698 1196 2722 lib.
1212 2699 1301 2728 XXXI,
1315 2706 1337 2723 c.
1354 2705 1415 2723 XVll.
