2003 3037
147 885 219 905 Prima

113 918 212 936 tonsura.

146 2120 204 2139 [trdu

131 2150 181 2176 quid
192 2153 212 2170 «t

469 339 640 390 SECTIO
673 340 770 373 LIII.

535 425 574 453 De
593 425 705 453 Ordine.

273 503 424 544 Sequitur
437 505 545 537 videre
565 506 604 537 de
625 507 825 538 sacramento
846 505 1005 545 ordinis¹,

232 560 389 598 quantum
404 558 443 589 ad
458 560 723 599 praeparationem
736 559 986 599 consignationis
996 584 1006 599 ,

232 613 389 651 quantum
402 612 442 644 ad
457 612 577 644 ordinis
592 613 832 651 diffinitionem,
849 615 1009 653 quantum

232 664 270 694 ad
293 665 484 696 characteris
505 666 765 707 impressionem,
789 669 948 706 quantum
969 666 1009 697 ad

232 717 371 749 debitam
381 718 660 759 dispensationem,
671 721 830 760 quantum
840 719 880 750 ad
890 721 1009 750 rectam

233 771 465 812 susceptionem
475 796 484 810 ,
501 775 658 812 quantum
674 772 713 803 ad
728 772 1007 812 significationem,

233 826 263 855 et
277 827 435 865 quantum
450 826 488 856 ad
503 828 603 857 status
617 826 939 857 consummationem.

274 877 334 915 Qui
360 881 434 910 sunt
456 879 496 910 ad
521 879 647 910 ordines
672 879 898 910 ecclesiasticos
918 889 1010 910 assu-

234 932 351 970 mendi,
369 933 473 972 primo
488 933 694 972 assignantur
704 933 871 972 signaculo
887 933 1008 971 divino,

233 985 424 1022 distinctivo,
441 988 473 1017 et
486 987 686 1017 instructivo.
700 985 779 1017 Nam
793 987 966 1018 tondentur
976 987 1010 1017 in

233 1039 345 1079 capite,
362 1040 446 1079 quod
465 1042 511 1070 est
533 1040 714 1071 membrum
732 1049 797 1080 prae
812 1040 934 1071 caeteris
950 1049 1009 1071 no-

233 1091 306 1123 bile.
321 1092 358 1123 Et
367 1093 444 1132 quia
457 1096 585 1124 tonsura
598 1096 663 1124 tam
679 1094 837 1134 superius,
855 1103 952 1133 quam
965 1094 1012 1124 in-

233 1145 332 1176 ferius
349 1146 438 1184 sacta,
457 1147 592 1177 formam
609 1147 705 1178 habet
717 1155 859 1184 coronae,
875 1155 950 1186 quae
965 1149 1012 1178 est

234 1200 367 1239 signum
381 1200 548 1240 diguitatis
560 1201 672 1240 regiae,
686 1201 844 1237 innuitur,
859 1200 943 1240 quod
956 1200 1011 1239 qui

234 1253 337 1284 taliter
359 1254 399 1284 ab
425 1254 495 1285 aliis
518 1254 778 1294 distinguuntur,
806 1254 1012 1286 adofficium

235 1307 352 1345 nobile,
369 1308 486 1339 scilicet
500 1308 540 1339 ad
555 1308 661 1348 regale
679 1307 902 1346 sacerdotium,
919 1317 1011 1340 assu-

236 1363 378 1392 muntur.
392 1361 463 1392 Nou
475 1364 601 1392 tantum
617 1363 725 1392 autem
740 1361 801 1392 tale
817 1361 949 1400 signum
966 1364 1013 1393 est

235 1415 259 1444 si
264 1423 368 1454 gnum
380 1415 602 1453 distinctionis,
613 1415 667 1446 sed
675 1415 770 1445 etiam
780 1415 1010 1445 instructionis.

236 1469 271 1500 In
294 1469 348 1500 tali
362 1470 448 1500 enim
463 1472 595 1501 tonsura
609 1472 656 1501 est
677 1469 907 1505 superfluitatis
921 1477 1010 1499 amo-

236 1524 279 1554 tio
296 1534 303 1554 :
321 1524 354 1555 in
369 1533 432 1564 quo
457 1525 660 1555 instruuntur
683 1523 785 1554 clerici
803 1523 880 1563 quid
906 1523 1010 1553 vitan-

236 1577 313 1607 dum
327 1600 336 1615 ,
371 1577 446 1617 quia
479 1577 681 1617 superfluitas
718 1579 930 1607 terrenorum.
959 1575 1014 1607 Est

236 1631 331 1661 etiam
355 1631 549 1661 summitatis
565 1630 676 1671 capitis
690 1630 860 1661 denudatio
879 1641 885 1660 z
904 1630 935 1660 in
949 1638 1013 1669 quo

236 1684 440 1715 instruuntur
463 1685 539 1724 quid
561 1685 752 1722 amandum,
778 1684 853 1724 quia
881 1684 1014 1714 felicitas

237 1747 461 1777 supernorum.
479 1738 533 1769 Est
547 1739 662 1777 tigurae
679 1737 867 1768 orbicularis
883 1737 1014 1776 impres-

238 1792 284 1822 sio
302 1802 307 1821 :
326 1792 357 1821 in
378 1801 442 1831 quo
463 1792 667 1821 instruuntur
692 1790 853 1830 quomodo
875 1799 1013 1820 conver-

237 1845 373 1875 sandum
388 1847 449 1883 est,
467 1845 541 1884 qnia
558 1846 663 1883 ligura
679 1842 864 1874 orbicularis
879 1845 926 1873 est
941 1843 1016 1872 sirn-

238 1898 417 1938 plicissima‚
434 1898 652 1937 capacissima,
671 1900 701 1928 et
718 1897 932 1936 pulcherrima
950 1905 957 1926 :
976 1896 1016 1927 ad

238 1952 450 1990 innuendum,
465 1951 548 1991 quod
564 1951 669 1982 taliter
686 1950 827 1981 coronati
843 1950 958 1980 debent
975 1950 1014 1989 (a)

238 2005 434 2044 simplificari
459 2006 491 2035 in
509 2005 700 2041 intentione,
717 2003 901 2043 amplificari
919 2003 950 2033 in
964 2003 1017 2033 di-

239 2059 380 2095 lectione,
399 2058 612 2098 pulchrificari
628 2057 660 2086 in
675 2057 912 2087 castificatione.

280 2112 362 2142 Ordo
387 2112 429 2141 sic
446 2111 599 2141 diffinitur
613 2122 619 2140 z
637 2110 718 2141 Ordo
733 2113 777 2139 est
793 2108 1009 2148 signaculum,

152 2188 178 2202 u„
197 2190 211 2202 „
241 2165 270 2194 in
288 2175 350 2204 quo
365 2165 537 2204 spiritualis
551 2166 687 2203 potestas
702 2163 839 2193 traditur
856 2162 1017 2192 ordinato.

134 2214 192 2239 plcx.

241 2219 319 2249 Cum
335 2219 420 2249 enini
436 2221 555 2258 septem
571 2218 631 2247 sint
652 2217 788 2254 ordines,
806 2217 920 2246 scilicet
941 2216 1019 2247 ordo

238 2273 426 2310 ,ianitorunu
449 2271 614 2308 lectorum,
644 2270 887 2306 exorcistarum,
912 2269 1018 2308 acoly-

242 2328 364 2359 torum,
388 2324 674 2360 subdiaconorum,
696 2323 903 2353 diaconomm
924 2325 953 2352 et
969 2332 1020 2353 sa-

243 2379 405 2408 cerdotum
423 2389 428 2407 :
448 2378 481 2407 in
496 2377 605 2407 ordine
620 2375 804 2406 sacerdotali
821 2376 913 2405 datur
929 2378 1017 2415 pote-

244 2433 307 2461 stas
320 2430 504 2460 conficiendi
520 2439 634 2468 corpus
651 2429 763 2459 Christi
781 2438 904 2464 verum,
926 2431 956 2459 et
967 2429 1021 2458 ab·

244 2484 383 2514 solvendi
409 2493 522 2522 corpus
547 2483 659 2513 Christi
686 2483 855 2521 mysticum
881 2493 887 2512 2
910 2485 940 2511 et
968 2483 1020 2512 hic

244 2537 332 2574 ordo,
358 2540 509 2576 tanquam
535 2536 761 2571 nobilissimus,
788 2535 880 2565 debet
903 2535 1021 2565 habere

245 2590 322 2620 alios
337 2589 396 2619 sibi
412 2589 640 2625 ministrantes,
654 2591 798 2627 respectu
815 2588 947 2627 duplicis
962 2597 1019 2627 po-

279 2670 283 2683 ·
308 2670 364 2693 Vid.
387 2676 454 2700 sup,
478 2668 584 2697 Brona,
612 2676 635 2698 p.
661 2669 719 2697 Vll,
745 2676 766 2691 c.
792 2673 836 2691 xii,
859 2681 888 2684 —
908 2667 918 2683 ’-’
939 2669 1021 2697 dona,

246 2706 359 2734 v111‚12.

880 221 1188 260 GENTimouiuu.

1064 289 1197 321 testatis,
1208 289 1246 321 ln
1255 290 1451 322 conficiendo
1458 299 1574 331 corpus
1582 290 1700 323 Christi
1709 301 1837 332 verum,

1064 343 1125 374 sibi
1138 343 1283 376 serviunt
1296 343 1483 375 subdiaconi
1496 346 1528 376 et
1541 344 1678 384 diaconi,
1695 345 1739 377 ita
1752 347 1838 387 quod

1065 399 1203 437 potestas
1225 400 1256 429 et
1275 398 1418 430 officium
1439 398 1625 430 subdiaconi
1640 401 1688 431 est
1707 400 1742 431 in
1754 400 1836 432 acci-

1064 451 1179 492 piendo
1192 452 1311 483 hostias
1326 462 1346 484 a
1360 453 1468 493 plebe;
1494 455 1631 494 potestas
1650 456 1682 485 et
1697 454 1838 485 officium

1064 504 1188 536 diaconi
1202 507 1250 537 est
1272 505 1400 537 easdem
1417 515 1436 537 a
1456 506 1493 546 (b)
1516 506 1709 538 subdiacono
1731 516 1840 538 susce-

1065 560 1134 598 ptas
1148 558 1300 590 sacerdoti
1320 559 1446 591 offerre.
1464 559 1499 591 ln
1520 559 1713 592 absolvendo
1732 563 1839 592 autem

1065 619 1180 651 corpus
1193 611 1308 643 Christi
1323 613 1515 653 mysticum,
1540 615 1678 654 quatuor
1700 614 1841 645 minores

1066 664 1272 695 subserviunt
1295 665 1448 697 sacerdoti
1466 677 1473 697 ι
1491 667 1535 698 ita
1548 667 1633 707 quod
1652 669 1790 708 potestas
1806 670 1842 701 et

1065 717 1206 748 officium
1217 717 1394 758 janitorum
1408 721 1456 751 est
1469 719 1509 751 ad
1523 719 1629 751 locum
1647 729 1775 752 sacrum
1789 721 1842 753 ad-

1067 770 1205 808 mittere;
1218 770 1372 802 lectorum
1381 773 1429 803 est
1438 772 1666 804 documentum
1679 774 1822 814 praebere
1831 784 1840 813 ;

1066 823 1299 855 exorcistarum
1314 826 1362 855 est
1375 825 1534 856 auxilium
1553 828 1719 866 praestare3
1733 828 1839 868 acoly-

1067 878 1173 907 torum
1201 879 1248 907 est
1268 878 1415 918 exempla
1436 880 1626 911 monstrare.
1652 879 1717 911 Hoc
1737 881 1842 913 officio

1067 930 1243 970 septiformi
1260 930 1411 962 Dominus
1436 941 1513 963 usus
1529 932 1589 963 ruit
1605 942 1611 962 :
1629 933 1689 964 fuit
1702 942 1843 974 namque

1067 983 1230 1020 ostiarius,
1247 984 1375 1024 quando
1389 985 1472 1016 facto
1486 985 1614 1025 flagello
1629 987 1720 1026 ejecit
1742 996 1841 1027 nego-

1067 1035 1181 1067 tiantes
1195 1037 1233 1068 de
1255 1037 1390 1078 templo;
1412 1038 1471 1069 t'uit
1488 1038 1597 1077 lector,
1618 1040 1746 1080 quando
1765 1040 1845 1081 legit

1068 1091 1100 1121 in
1113 1100 1291 1132 synagoga,
1307 1096 1473 1134 assumpto
1483 1094 1582 1132 libro;
1600 1095 1660 1126 fuit
1675 1097 1842 1134 exorcista,

1068 1145 1195 1184 quando
1210 1146 1309 1177 saliva
1331 1155 1391 1177 sua
1408 1147 1514 1186 tetigit
1534 1148 1682 1188 linguam
1701 1150 1790 1181 surdi
1811 1152 1844 1182 et

1069 1199 1166 1236 muti;
1178 1199 1314 1230 ostendit
1326 1208 1359 1230 se
1369 1200 1542 1240 acolytum,
1554 1202 1681 1242 quando
1691 1202 1770 1234 dixit
1783 1205 1819 1244 (c)
1833 1215 1841 1236 ι

1069 1252 1135 1292 qu
1159 1260 1230 1284 sum
1254 1252 1314 1285 lux
1335 1253 1453 1285 mundi
1471 1257 1481 1273 ¹
1502 1265 1509 1291 ;
1527 1254 1586 1285 fuit
1612 1255 1843 1295 subdiaconus,

1069 1305 1196 1345 quando
1217 1306 1296 1337 lavit
1313 1307 1407 1346 pedes
1421 1307 1670 1347 discipulorum,
1694 1311 1726 1340 et
1746 1309 1845 1342 linteo

1069 1367 1102 1389 se
1122 1359 1309 1398 praecinxit;
1337 1360 1398 1391 fuit
1424 1360 1594 1399 diaconus,
1625 1362 1753 1402 quando
1775 1365 1845 1402 post

1069 1421 1192 1443 coenam
1207 1422 1320 1453 corpus
1334 1415 1365 1444 et
1378 1414 1571 1453 sanguinem
1592 1424 1687 1446 suum
1703 1416 1843 1456 discipu—

1069 1465 1107 1496 lis
1121 1466 1189 1496 suis
1203 1466 1413 1506 dispensavit;
1439 1467 1497 1497 suit
1516 1468 1678 1505 sacerdos,
1695 1468 1774 1499 dum
1794 1477 1842 1500 se-

1069 1519 1174 1559 ipsum
1190 1519 1221 1549 in
1236 1529 1290 1549 ara
1302 1520 1403 1550 crucis
1417 1520 1542 1558 obtulit,
1560 1521 1642 1552 idem
1656 1522 1801 1553 sacerdos
1813 1525 1844 1553 et

1070 1573 1184 1612 hostia,
1201 1576 1231 1604 et
1248 1574 1344 1605 etiam
1365 1574 1493 1614 quando
1516 1575 1549 1605 iu
1572 1584 1662 1606 coena
1678 1584 1791 1616 panem
1810 1576 1843 1607 in

1069 1636 1203 1667 corpus,
1228 1630 1260 1657 et
1285 1628 1398 1658 vinum
1428 1628 1461 1658 in
1487 1629 1678 1668 sanguinem
1699 1638 1844 1661 commu-

1071 1681 1160 1712 tavit.

1111 1734 1289 1772 Chamoter,
1316 1744 1390 1766 cum
1415 1735 1456 1765 sit
1478 1735 1685 1774 signaculum
1711 1736 1845 1776 impres-

1071 1796 1153 1825 sum,
1171 1788 1401 1827 distinctivum,
1419 1791 1622 1828 perpetuum,
1640 1789 1762 1820 Christo
1775 1798 1847 1820 con-

1071 1841 1296 1880 figurativum,
1310 1841 1505 1881 imprimitur
1516 1841 1550 1872 in
1562 1842 1704 1881 quolibet
1713 1843 1844 1874 ordine:

1072 1903 1134 1924 non
1158 1894 1262 1933 idem,
1285 1894 1338 1925 sed
1358 1894 1524 1931 diversus;
1550 1895 1661 1926 ordine
1681 1904 1845 1934 congruo,

1073 1956 1135 1978 non
1160 1947 1357 1985 necessario,
1392 1957 1466 1978 cum
1497 1957 1581 1978 unus
1609 1948 1706 1987 possit
1729 1949 1844 1988 recipi,

1072 2002 1219 2040 quamvis
1251 2001 1407 2038 indi-bite,
1442 2001 1503 2031 alio
1534 2001 1746 2040 praetermisso
1761 2012 1768 2031 :
1803 2002 1847 2032 ita

1072 2055 1177 2093 quod,
1202 2063 1274 2084 cum
1300 2056 1488 2093 perventum
1512 2054 1606 2084 suerit
1628 2054 1785 2093 gradatim
1807 2055 1847 2085 ad

1073 2107 1217 2137 ordinem
1231 2107 1412 2144 sacerdotis,
1427 2107 1459 2137 in
1473 2115 1538 2146 quo
1550 2109 1596 2137 est
1609 2109 1722 2145 status,
1736 2116 1847 2147 quam·

1074 2160 1122 2190 vis
1134 2162 1253 2199 septem
1267 2160 1330 2190 sint
1345 2160 1465 2198 gradus
1477 2183 1484 2197 ,
1501 2169 1586 2190 unus
1598 2162 1645 2190 est
1661 2162 1784 2191 tantum
1798 2169 1847 2191 or-

1073 2213 1155 2243 dinis
1169 2217 1414 2251 sacramentum,
1431 2213 1513 2243 sicut
1525 2221 1624 2243 unam
1636 2213 1771 2243 dicimus
1784 2213 1847 2252 epi-

1074 2267 1205 2303 stolam,
1227 2266 1376 2306 quamvis
1398 2266 1512 2296 habeat
1532 2265 1647 2296 multas
1670 2268 1782 2304 partes.
1812 2265 1847 2296 ln

1074 2319 1214 2358 quolibet
1227 2321 1334 2349 autem
1350 2318 1460 2348 ordine
1472 2318 1635 2348 character
1651 2318 1845 2357 imprimitur

1075 2373 1107 2402 iu
1122 2382 1159 2402 eo
1174 2372 1268 2410 signo
1281 2395 1288 2409 ,
1310 2371 1394 2411 quod
1411 2372 1566 2410 maj0rem
1584 2371 1680 2401 habet
1695 2370 1845 2400 similitu-

1075 2426 1180 2455 dinem
1205 2425 1243 2455 ad
1267 2425 1450 2463 signalum,
1472 2426 1502 2453 et
1523 2424 1556 2453 in
1579 2432 1642 2462 quo
1665 2423 1847 2462 principalis

1077 2481 1232 2518 potestas,
1256 2486 1353 2517 quam
1376 2477 1453 2507 ordo
1477 2476 1622 2515 respicit,
1645 2476 1848 2514 significatur

1076 2532 1156 2562 tradi
1179 2531 1333 2562 ordinato.
1356 2530 1403 2560 Ad
1426 2538 1523 2569 quam
1543 2529 1784 2567 significandam
1799 2529 1847 2568 (d)

1109 2630 1142 2660 (η)
1166 2631 1203 2653 Im
1220 2628 1289 2652 Etlr't.
1310 2627 1398 2657 Luyd„
1416 2626 1485 2650 Edit.
1512 2626 1563 2648 Vnt.
1584 2627 1606 2648 el
1631 2627 1686 2649 Veii.
1709 2626 1803 2649 dicuni.
1817 2639 1848 2643 —

1078 2665 1110 2694 (b)
1127 2666 1186 2688 Item
1202 2664 1266 2687 deest
1283 2670 1338 2687 a.—
1350 2663 1379 2691 (c)
1392 2662 1452 2685 Caet.
1465 2661 1524 2685 edit.
1541 2661 1642 2685 dicit.—
1659 2661 1696 2691 (ιί)
1712 2661 1780 2685 Edit.
1793 2661 1847 2683 rut.

1076 2703 1099 2724 el
1116 2701 1171 2724 Veri.
1187 2698 1388 2730 significandum.

1875 1744 1968 1765 Chai-ae:-

1862 1776 1894 1796 ter
1924 1774 1953 1795 im
1959 1786 1965 1790 -

1861 1811 1959 1832 pressus.
