2003 3037
71 712 149 740 Dupli-

52 743 106 765 citer
116 744 139 765 in

44 776 146 803 nosipsos

56 812 132 834 pecca-

57 844 114 859 mur.

739 208 856 241 PART.
881 209 905 240 l.
928 208 1037 241 SECT.
1062 209 1197 241 XXXIII.

397 325 546 361 SECTIO
569 325 708 360 XXXII.

322 415 360 441 De
374 414 484 449 peccato
504 412 637 444 luoeurz'oe,
659 413 682 439 et
701 411 778 446 μαῖα».

204 493 356 536 Sequitur
369 492 478 526 videre
497 492 536 524 de
551 492 686 532 peccatis
702 492 820 532 quibus
835 494 942 532 peccat

164 548 237 589 quis
259 548 294 579 in
322 547 464 588 seipsum
487 556 494 578 :
525 555 597 587 quae
620 548 695 578 sunt
719 546 800 585 duo,
826 546 943 577 scilicet

163 604 329 643 peccatum
340 601 481 633 luxuriae
494 601 684 632 deordinans
699 600 920 640 generativam
932 625 940 640 ,

165 658 196 688 et
217 657 382 696 peccatum
407 654 494 695 gulae
523 655 714 686 deordinans
738 654 940 686 nutritivam.

165 709 297 741 Peccata
311 717 384 750 quae
403 708 550 739 accidunt
572 718 612 740 ex
631 708 869 740 deordinatione
884 719 942 749 ge-

164 762 329 802 nerativae,
358 763 434 792 sunt
461 761 532 800 ista,
562 761 680 793 scilicet
707 761 839 802 pollutio
863 771 943 794 noc-

163 816 270 853 turna,
287 814 419 845 luxuria
441 813 475 844 in
496 814 626 854 propria
640 823 753 851 uxore,
778 814 944 846 fornicatio

164 869 316 910 simplex,
333 869 567 908 meretricium,
584 871 693 909 raptus
705 892 714 907 ,
735 868 942 908 adulterium,

163 923 312 961 incestus,
329 923 445 955 vitium
460 925 571 954 contra
585 925 745 954 naturam.
760 921 890 953 Peccata
904 932 944 954 ex

164 976 401 1008 deordinatione
423 977 590 1008 nutritivae
611 976 777 1016 dupliciter
795 977 945 1007 commit-

165 1032 276 1062 tuntur
292 1041 299 1062 :
317 1030 558 1068 manducando,
575 1032 606 1061 et
626 1030 671 1060 510
685 1029 803 1061 dicitur
818 1030 943 1070 gulosi-

163 1086 227 1122 tas3
242 1085 274 1115 et
287 1084 441 1122 bibendo,
458 1084 549 1114 etsie
561 1083 674 1115 dicitur
689 1083 834 1114 ebrietas.
852 1083 944 1121 Quod

163 1139 199 1170 fit
222 1138 363 1179 quinque
387 1138 591 1177 differentiis,
619 1139 652 1168 ut
677 1138 799 1178 supra¹
823 1138 943 1169 dictum

163 1194 225 1232 est,
241 1193 302 1224 hoc
316 1202 412 1224 versu
428 1192 667 1232 comprehensis
684 1203 690 1222 :

212 1275 391 1306 Praepropere,
406 1274 485 1305 laute,
499 1273 585 1305 nimis,
600 1274 730 1305 ardenter,
746 1273 868 1299 studiose.

206 1356 378 1398 Supposito
400 1357 485 1397 quod
509 1356 610 1388 coitus
637 1355 826 1396 conjugalis*
846 1356 946 1396 possit

164 1419 232 1442 esse
249 1413 425 1452 peccatum,
445 1410 618 1442 videndum
636 1412 682 1441 est
697 1419 754 1450 per
769 1410 944 1440 distinctio-

165 1474 256 1502 nem,
279 1465 351 1505 quis
372 1465 472 1495 coitus
493 1464 675 1504 conjugalis
695 1466 743 1494 est
766 1465 942 1504 peccatum,

164 1519 195 1549 et
215 1518 287 1558 quis
308 1527 389 1557 non,
407 1519 438 1549 et
459 1517 531 1558 quis
554 1518 705 1556 venialis,
722 1519 752 1548 et
772 1517 943 1557 (1111511101-

164 1572 244 1602 talis.
261 1571 341 1603 Nota
351 1581 442 1612 ergo,
458 1572 543 1612 quod
556 1572 659 1602 coitus
669 1571 851 1611 conjugalis
864 1571 945 1601 alius

164 1627 210 1656 est
222 1625 344 1663 licitus,
362 1625 445 1656 alius
461 1627 507 1656 est
522 1625 662 1664 fragilis,
684 1625 765 1655 alius
780 1627 826 1656 est
843 1625 944 1664 impe-

164 1681 284 1710 tuosus,
303 1679 421 1710 Licitus
435 1681 481 1710 est
496 1680 628 1720 triplex:
647 1680 781 1720 quidam
796 1680 831 1710 fit
847 1689 945 1710 cansa
961 1713 964 1716 ,

164 1733 261 1773 prolis
277 1733 470 1772 generandae
483 1734 521 1764 ad
537 1734 660 1765 cultum
673 1734 832 1770 divinum,
850 1736 881 1764 et
893 1733 945 1764 hic

163 1789 210 1818 est
230 1787 402 1818 theosebiae
427 1788 570 1825 virtutis,
591 1796 664 1828 quae
685 1788 800 1819 (licitur
822 1788 941 1828 pietas:

164 1841 296 1881 quidam
315 1850 411 1872 causa
425 1841 576 1872 reddendi
598 1842 761 1880 debitum,
780 1844 811 1872 et
830 1842 881 1872 1110
897 1843 944 1872 est

163 1895 313 1935 justitiae3
330 1895 458 1935 quidam
483 1905 578 1926 causa
600 1895 818 1926 fornicationis
836 1896 943 1926 vitan-

163 1949 227 1987 dae,
245 1951 276 1979 et
290 1949 342 1979 hic
356 1951 403 1979 est
419 1949 569 1988 cautelae,
586 1950 623 1980 de
639 1959 702 1989 qno
723 1949 892 1990 Apostolus
909 1950 918 1965 ²
934 1961 940 1980 ε

169 2003 389 2044 Unusquisque
407 2003 520 2035 habeat
541 2011 632 2035 suam
653 2011 796 2040 umorem,
813 2006 944 2043 propter

165 2058 425 2096 fornicationem,
447 2057 610 2088 vitandam
635 2057 756 2097 supple.
785 2057 941 2096 Fragilis‚

163 2120 203 2142 ex
217 2111 386 2150 fragilitate
400 2112 602 2151 proveniens,
621 2121 693 2141 cum
709 2111 780 2151 quis
795 2111 828 2141 in
842 2120 943 2141 uxore

163 2164 278 2205 quaerit
289 2164 492 2203 conjugalem
503 2165 755 2202 delectationem,
769 2174 834 2194 non
848 2174 944 2194 causa

164 2218 261 2258 prolis
288 2218 463 2255 habendae,
490 2227 547 2248 nec
569 2218 665 2248 debiti
690 2217 860 2253 reddendi,
885 2227 944 2248 nec

162 2271 380 2302 fornicationis
412 2271 571 2309 vitandae,
600 2271 653 2300 sed
680 2280 775 2301 causa
807 2271 941 2302 delecta-

164 2326 259 2356 tionis
290 2325 322 2355 111
354 2326 506 2364 conjuge.
539 2324 577 2355 Et
606 2324 819 2364 distinguitur
847 2335 853 2354 :
889 2326 944 2355 aut

163 2380 217 2410 illa
237 2379 401 2411 delectatio
417 2381 545 2410 amatur
567 2380 647 2410 citra
670 2379 789 2417 Deum,
815 2380 846 2410 et
868 2381 942 2410 tunc

164 2433 257 2474 culpa
285 2435 332 2463 est
355 2433 509 2471 venialis;
539 2433 590 2464 vel
613 2435 740 2464 amatur
771 2433 943 2473 plusquam

166 2486 262 2524 Deus,
287 2486 338 2517 vel
369 2495 460 2526 aeque
485 2489 520 2517 ut
545 2486 646 2524 Deus,
674 2489 704 2517 et
731 2489 807 2517 tunc
836 2496 944 2526 pccca-

166 2541 235 2570 tum
259 2542 305 2570 est
330 2540 473 2571 mortale.
506 2540 705 2580 Impetuosus
729 2543 794 2578 est,
824 2541 878 2580 qui
904 2549 944 2571 ex

167 2592 296 2623 libidine
324 2593 390 2624 sola
417 2594 620 2634 proveniens,
646 2595 746 2625 metas
770 2594 944 2625 honestatis

202 2672 208 2687 ²
226 2674 311 2704 Supr.‚
329 2676 390 2698 sect.
406 2680 484 2705 xxm,
500 2683 557 2707 pag.
575 2677 628 2700 365.
642 2689 671 2693 —
686 2676 694 2689 ‘-'
711 2676 716 2699 l
737 2676 805 2704 Cor¹>
825 2681 869 2704 vn,
887 2677 943 2699 2.—

168 2709 178 2725 3
195 2710 281 2739 5111112,
297 2711 359 2734 sect.
375 2716 446 2741 xxiv,
462 2718 518 2741 pag.
535 2712 588 2735 366.

1718 210 1777 240 373

998 278 1029 308 et
1059 277 1191 309 rationis
1222 277 1357 309 excedit.
1391 277 1430 308 Et
1460 277 1531 308 ideo
1561 275 1704 308 mortalis
1731 277 1779 307 est

997 331 1141 372 quinque
1164 331 1268 363 modis
1289 341 1296 362 :
1321 332 1436 372 primo,
1453 330 1583 372 quando
1599 331 1634 361 fit
1651 331 1779 371 propter

998 385 1176 416 satiandam
1203 385 1369 417 libidinem
1393 394 1450 425 per
1477 384 1645 416 blanditias
1672 393 1777 416 mere-

999 440 1120 479 tricias;
1131 440 1281 478 secundo,
1295 439 1422 480 quando
1432 440 1467 470 fit
1477 440 1593 480 praeter
1603 438 1780 470 naturalem

1000 494 1131 525 modum
1145 505 1152 533 ;
1171 493 1263 525 tertio
1274 518 1282 532 ,
1299 493 1426 533 quando
1447 494 1483 524 fit
1500 493 1532 524 in
1548 495 1690 533 tempore
1705 501 1779 533 pro-

999 548 1119 586 hibito;
1137 549 1269 588 quarto,
1295 557 1369 578 cum
1394 548 1430 578 fit
1452 548 1486 578 in
1507 547 1576 578 loco
1598 547 1780 587 prohibit0;

1000 602 1130 642 quinto,
1160 611 1234 633 cum
1264 601 1383 632 accedit
1411 601 1461 633 vir
1488 601 1527 632 ad
1557 602 1782 642 praegnantem

1000 656 1168 687 mulierem
1185 655 1325 687 vicinam
1339 655 1456 696 partui,
1472 657 1529 686 aut
1542 655 1573 685 in
1588 655 1681 686 fluxu
1698 663 1784 686 inen-

1001 711 1090 740 struo
1103 709 1316 741 laborantem.

1042 763 1186 804 Simplex
1207 763 1374 795 fornicatio
1390 764 1436 794 est
1456 762 1604 802 luxuria,
1622 773 1687 803 qna
1700 762 1787 794 solu-

1000 820 1053 848 tus
1070 827 1144 849 cum
1157 817 1261 849 soluta
1275 817 1414 848 naturali
1429 826 1493 848 usu
1513 817 1641 848 feminae
1655 817 1786 848 commi-

1002 873 1125 910 scetur,
1142 872 1186 902 ita
1201 871 1287 912 quod
1309 871 1433 902 solutus
1452 870 1594 902 excludit
1617 870 1785 901 vinculum

1002 925 1219 962 matrimonii,
1256 924 1546 964 consanguinitatis
1559 948 1568 963 ,
1600 924 1784 962 affinitatis,

1002 979 1141 1017 ordinis,
1165 979 1251 1017 voti,
1274 979 1462 1018 religionis3
1486 980 1517 1009 et
1535 978 1597 1008 hoc
1614 987 1688 1008 cum
1712 987 1785 1008 mu-

1003 1032 1078 1063 liere
1101 1033 1221 1072 soluta,
1240 1042 1314 1073 quae
1333 1033 1430 1064 unius
1450 1032 1500 1064 vel
1522 1040 1699 1072 paucorum
1714 1031 1785 1080 libi-

1002 1086 1069 1117 dini
1093 1096 1125 1117 se
1150 1088 1292 1127 exponit.
1316 1086 1532 1118 Meretricium
1557 1088 1603 1116 est
1623 1094 1786 1116 commer-

1002 1140 1087 1170 cium
1101 1140 1261 1171 nefarium
1270 1150 1345 1171 cum
1360 1140 1506 1178 muliere,
1523 1148 1597 1180 quae
1609 1139 1787 1170 multorum

1002 1196 1092 1234 paret
1116 1194 1251 1225 libidini.
1278 1194 1359 1226 Nam
1382 1193 1533 1224 meretrix
1557 1193 1686 1233 proprie
1706 1192 1789 1223 dicta

1005 1249 1052 1277 est
1065 1248 1197 1286 mulier,
1216 1257 1290 1288 quae
1305 1248 1483 1279 multorum
1497 1246 1623 1278 libidini
1640 1255 1673 1277 se
1689 1255 1787 1286 expo-

1002 1303 1060 1333 nit.
1086 1302 1290 1334 Adulterium
1320 1304 1367 1333 est
1379 1317 1381 1319 »
1393 1302 1523 1333 alterius
1554 1301 1614 1332 tori
1644 1301 1786 1332 violatio.

1004 1356 1146 1387 Incestus
1161 1358 1207 1387 est
1222 1356 1384 1388 lubricum
1400 1356 1505 1387 carnis
1523 1357 1634 1386 contra
1649 1364 1787 1385 consan-

1004 1411 1215 1451 guinitatem,
1244 1411 1452 1449 affinitatem,
1479 1412 1610 1448 votum,
1636 1410 1787 1441 commis-

1003 1475 1087 1504 sum,
1106 1465 1144 1496 de
1158 1465 1277 1505 quibus
1292 1474 1391 1505 supra
1405 1465 1415 1482 ³
1429 1465 1549 1495 dictum
1563 1466 1622 1495 est.

1227 1573 1376 1607 SECTIO
1401 1573 1558 1606 XXXIII.

1020 1657 1057 1682 De
1074 1656 1260 1690 passionibus,
1281 1657 1337 1682 sive
1354 1654 1567 1691 proprietatibus
1586 1657 1765 1689 peccatorum.

1042 1736 1088 1766 Ad
1105 1735 1272 1766 clariorem
1292 1735 1529 1775 expeditionem
1546 1735 1784 1775 praedictorum,

1001 1792 1161 1830 postremo
1178 1789 1352 1819 videndum
1368 1790 1413 1819 est
1428 1789 1467 1819 de
1487 1789 1698 1829 passionibus,
1716 1789 1784 1821 sive

1001 1843 1250 1883 proprietatibus
1279 1845 1495 1883 peccatorum.
1532 1843 1704 1873 Sciendum
1738 1846 1785 1874 est

1000 1907 1091 1936 ergo,
1112 1898 1196 1937 quod
1212 1898 1249 1927 ad
1268 1900 1432 1937 peccatum
1448 1897 1595 1937 quaedam
1611 1899 1685 1927 sunt
1698 1899 1784 1928 ante-

1000 1951 1157 1989 cedentia,
1174 1951 1324 1991 quaedam
1353 1950 1613 1987 circumstantia,
1638 1953 1669 1981 et
1692 1960 1783 1991 (111εο-

999 2006 1073 2036 dam
1102 2005 1341 2045 subsequentia.
1370 2004 1598 2035 Antecedentia
1632 2005 1781 2044 quaedam

999 2061 1075 2089 sunt
1090 2068 1129 2089 ex
1151 2061 1239 2098 parte
1258 2058 1448 2096 aversionis,
1470 2058 1621 2097 quaedam
1637 2067 1676 2088 ex
1693 2060 1781 2097 parte

1000 2112 1228 2143 conversionis.
1262 2112 1309 2142 Ex
1335 2115 1425 2151 parte
1452 2112 1626 2142 aversionis
1653 2122 1671 2142 a
1699 2111 1780 2149 Deo,

999 2169 1071 2196 sunt
1086 2168 1301 2205 contemptus,
1321 2165 1461 2202 omissio,
1481 2165 1694 2204 ingratitudo,
1712 2165 1783 2195 ino-

1000 2219 1168 2257 bedientia,
1186 2222 1216 2249 ct
1232 2219 1464 2258 praevaricatio.
1484 2218 1530 2248 Ex
1546 2221 1637 2258 parte
1652 2228 1782 2250 conver-

999 2271 1097 2302 sionis
1120 2273 1159 2303 ad
1179 2274 1376 2309 creaturam,
1399 2274 1474 2302 sunt
1496 2272 1608 2309 libido,
1633 2272 1781 2312 concupi-

1000 2326 1133 2362 scentia,
1158 2326 1338 2364 delectatio,
1357 2335 1529 2355 consensus
1550 2325 1583 2355 in
1605 2328 1779 2365 peccatum,

999 2382 1029 2410 et
1052 2389 1151 2419 prava
1176 2380 1320 2410 intentio.
1348 2379 1584 2419 Subsequentia
1610 2381 1685 2409 sunt
1709 2388 1782 2419 ma-

999 2433 1081 2471 cula,
1103 2436 1132 2464 et
1145 2436 1263 2464 reatus.
1280 2433 1521 2463 Circumstantia
1538 2435 1612 2463 sunt
1627 2433 1690 2470 illa,
1709 2441 1781 2472 quae

1000 2487 1254 2517 circumstantias
1286 2487 1502 2517 nominamus.
1528 2486 1737 2516 Aversionem
1762 2496 1781 2516 a

1000 2541 1062 2571 Deo
1079 2542 1271 2572 comitantur
1283 2543 1496 2580 contemptus,
1513 2540 1654 2578 omissio,
1672 2540 1781 2578 ingra—

1000 2594 1121 2633 titudo,
1138 2595 1369 2632 inobedientia,
1394 2597 1424 2625 et
1438 2594 1671 2634 praevaricatio.
1699 2592 1780 2623 Nam

1001 2649 1150 2680 voluntas
1175 2650 1214 2680 ad
1239 2649 1339 2680 Deum
1363 2657 1537 2686 conversa,
1562 2649 1593 2677 et
1616 2647 1679 2677 Deo
1703 2656 1779 2677 0011-

1002 2702 1123 2741 formis,
1146 2703 1216 2734 vult
1240 2703 1325 2743 quod
1352 2702 1434 2733 Deus
1450 2701 1531 2738 vult,
1558 2703 1588 2731 et
1612 2709 1677 2731 non
1700 2700 1780 2732 vult.
