2003 3037
110 1967 161 1987 Sum
168 1979 174 1983 -

83 1998 162 2019 cientin

69 2030 170 2056 specialis

89 2063 155 2084 douo-

70 2101 127 2115 rum.

196 223 257 252 414

239 288 279 320 De
297 287 422 328 justitia
446 286 522 318 dicit
545 285 679 327 Prosper
705 297 713 318 :
742 298 757 316 α
775 286 903 319 Justitia
927 289 975 318 est

195 341 343 382 quaedam
365 340 466 372 animi
489 340 655 379 nobilitas,
671 349 765 372 suam
785 340 902 381 cuique
915 341 972 372 tri-

194 395 297 426 buens
306 394 510 434 dignitatem,
519 394 739 435 superioribus
745 394 971 433 reverentiam,

194 449 325 489 paribus
356 448 575 487 concordiam,
600 448 804 480 inferioribus
828 447 972 488 discipli-

193 510 282 540 nam,
306 501 369 533 Deo
388 502 621 539 obedientiam,
645 501 706 532 sibi
725 500 787 541 ipsi
800 500 973 532 sanctimo-

192 555 297 594 niam,
317 555 447 587 inimico
469 555 671 596 patientiam,
698 557 730 586 et
751 555 867 586 misero
887 563 972 585 com-

193 609 384 650 passionem.
411 620 425 639 n
457 609 641 641 Secundum
672 608 895 649 Augustinum
924 609 932 624 ¹
961 619 968 639 :

197 674 212 692 ι(
221 663 319 694 Actus
325 663 460 703 justitiae
468 664 515 694 est
525 663 605 694 scire
615 663 692 704 quid
701 662 814 693 debeat
822 662 970 700 redderc;

192 725 257 748 non
281 716 363 748 velle
390 716 481 757 plus,
508 725 607 758 quam
633 716 732 756 possit
757 715 970 754 distribuere;

191 779 321 802 omnem
342 770 441 801 animi
456 771 672 811 cognitionem
696 770 734 801 ad
749 769 855 801 solum
869 769 972 802 Deum

191 824 332 864 dirigere
347 827 378 856 et
391 824 536 864 erigere,
553 833 703 864 eumque,
722 825 875 864 tanquam
890 822 972 854 nihil

191 877 277 909 aliud
285 878 336 916 sit,
345 878 413 909 sola
421 878 538 909 mentis
545 878 612 909 acie
624 877 753 908 intueri.
764 876 971 908 »Secundum

191 931 288 962 alios²
297 933 405 963 autem
415 933 463 963 est
471 932 567 963 etiam
579 930 812 970 aetusjustitiae
822 930 861 961 ad
873 939 972 962 unam

191 986 368 1018 consentire
385 986 483 1025 viam,
501 986 757 1026 uniuscujusque
773 985 901 1016 virtutis
914 985 970 1016 ob-

191 1040 342 1080 sequium
361 1049 500 1078 servare,
517 1039 694 1079 unicuique
710 1038 795 1079 quod
812 1047 910 1070 suum
927 1040 973 1070 est

192 1093 338 1132 reddere;
356 1094 430 1125 item
447 1102 522 1124 cum
541 1102 679 1133 superna
693 1095 723 1124 et
741 1092 850 1123 divina
867 1094 971 1123 mente

193 1146 304 1177 sociari
318 1172 326 1186 ,
342 1149 379 1178 ut
394 1149 499 1178 servet
514 1155 588 1177 cum
604 1155 641 1177 ea
658 1148 847 1186 perpetuum
868 1146 971 1177 foedus

192 1200 356 1231 imitando.

438 1296 588 1332 SECTIO
619 1296 722 1330 XLV.

327 1386 364 1413 De
382 1389 479 1421 septem
499 1386 576 1413 donis
596 1385 718 1420 Spiritus
737 1385 835 1412 sancti.

229 1472 356 1513 Septem
379 1474 453 1502 sunt
482 1471 565 1502 dona
592 1470 728 1510 Spiritus
753 1470 868 1507 sancti,
897 1478 970 1510 quae

188 1528 355 1557 enumerat
371 1525 483 1556 isaias¹
503 1535 508 1553 :
527 1523 643 1554 scilicet
659 1523 777 1553 donum
794 1523 966 1562 sapientiae,

188 1581 217 1610 et
231 1579 419 1617 intellectus,
431 1578 551 1609 donum
565 1577 699 1614 consilii,
714 1580 742 1608 et
759 1577 966 1614 fortitudinis,

189 1633 307 1664 donum
324 1632 475 1668 scientia,
491 1634 522 1662 ct
537 1632 673 1671 pietatis,
691 1633 722 1662 et
743 1632 863 1662 donum
879 1632 969 1662 timo-

188 1686 232 1717 ris
254 1686 392 1717 Domini.
412 1685 573 1716 Ilabemns
589 1687 695 1715 antem
717 1684 824 1715 videre
849 1684 887 1715 (lc
909 1684 968 1715 do-

190 1739 238 1769 nis
248 1739 375 1775 divinis,
386 1748 459 1778 qnae
468 1738 601 1778 Spiritui
613 1740 720 1769 sancto
733 1738 968 1776 attribuuntur,

191 1792 250 1823 tria
267 1804 273 1823 :
290 1792 405 1823 scilicet
421 1791 588 1831 specialem
603 1791 838 1828 sufficientiam,
856 1791 967 1830 singu-

189 1846 288 1877 larem
304 1845 551 1883 consistentiam,
568 1847 598 1875 et
614 1845 799 1884 generalem
815 1845 968 1876 ‹litteren-

190 1899 278 1930 tiam.

231 1953 380 1993 Specialis
398 1952 588 1982 sufficientia
609 1951 781 1982 habituum
805 1951 969 1990 praedicto-

192 2016 263 2037 rnm
281 2006 325 2035 sic
341 2005 503 2044 accipitur.
522 2005 608 2035 Dona
631 2005 768 2044 Spiritus
781 2005 879 2034 sancti
895 2013 966 2043 spe-

191 2060 311 2090 cialiter
325 2061 410 2095 sunt,
428 2058 478 2088 vcl
493 2058 719 2098 principaliter,
739 2058 777 2088 ad
793 2057 967 2097 expedien-

190 2114 246 2144 das
271 2112 425 2153 potentias
448 2111 564 2141 anima¹
588 2111 621 2141 in
645 2110 781 2149 agendo.
806 2109 968 2141 Habemus

190 2170 297 2197 autem
318 2165 460 2205 expediri
484 2167 642 2204 quantum
662 2164 700 2194 ad
724 2163 966 2194 declinationem

190 2220 280 2258 mali,
297 2221 328 2249 et
347 2219 391 2249 sic
413 2220 459 2248 est
473 2217 593 2247 donum
610 2216 752 2253 ti1noris3
771 2216 847 2246 item
863 2225 971 2256 quan-,

189 2277 259 2304 tum
275 2273 313 2303 ad
328 2272 543 2312 operationem
559 2270 644 2307 boni,
655 2272 685 2300 et
700 2270 760 2300 hoc
777 2270 945 2309 dupliciter
959 2279 966 2300 :

188 2336 264 2357 nam
284 2330 338 2357 aut
366 2328 411 2356 est
436 2326 556 2355 bonum
581 2323 794 2361 necessitatis,
820 2323 858 2354 ad
881 2323 966 2363 quod

187 2380 377 2420 expedimur
400 2387 456 2418 per
471 2378 591 2408 ‹lonum
611 2377 735 2417 pietatis
746 2401 753 2415 ‚
770 2378 862 2416 cnjus
877 2377 966 2416 regi-

189 2444 262 2465 men
277 2434 465 2464 ‹tirectivuzn
483 2434 529 2462 est
544 2432 666 2462 donum
682 2430 836 2468 scientiam
854 2435 909 2460 aut
920 2434 967 2461 est

188 2489 310 2519 bonum
334 2485 639 2525 supererogationis.
665 2484 704 2514 ad
726 2484 812 2523 quod
835 2484 964 2523 expedi-

189 2550 262 2572 mur
277 2549 332 2581 per
346 2540 468 2570 donum
483 2538 692 2576 fortitudinis,
710 2538 803 2577 cujus
818 2538 965 2577 regimen

187 2597 233 2626 est
247 2595 368 2625 donum
383 2592 515 2624 consilii.

221 2678 229 2693 ι
242 2676 297 2700 Lib.
317 2675 346 2699 (le
366 2675 433 2705 Spir.
451 2675 473 2696 ei
489 2674 583 2702 Animi..
600 2679 621 2695 c.
638 2677 681 2695 xx.
692 2683 722 2688 —
736 2670 831 2701 2Ι)1ι>ῐ.,
847 2670 877 2693 <le
892 2671 966 2700 Vir-L,

189 2713 252 2738 Eun.
272 2715 293 2742 t,
309 2713 334 2735 et
347 2718 378 2735 ex
394 2717 424 2734 co
446 2708 579 2737 Macrob.,
598 2708 623 2730 in
642 2709 725 2731 somn.
746 2707 825 2736 δαίμ,
843 2706 888 2731 tib.
905 2707 965 2731 1.-

848 209 1157 258 enarmonium.

1070 287 1120 319 Ad
1134 289 1198 329 maj
1202 296 1291 320 orem
1299 288 1419 320 horum
1427 287 1587 320 donorum
1599 288 1804 329 evidentiam,

1030 341 1221 373 attendenda
1235 343 1282 373 est
1296 341 1504 373 consistentia
1516 343 1648 374 actuum
1662 342 1806 382 singulo-

1029 403 1116 425 rum.
1128 393 1208 426 Nota
1222 404 1304 436 ergo
1319 396 1435 436 primo,
1451 396 1539 436 quod
1553 395 1709 437 sapientia
1721 404 1808 428 com-

1030 447 1172 479 muniter
1187 452 1314 490 accepta
1336 449 1411 480 dicit
1427 449 1646 489 cognitionem
1670 458 1809 490 genera-

1029 499 1094 532 lem
1108 510 1219 533 rerum
1230 503 1420 542 ⁴divinarum
1441 505 1473 534 et
1491 503 1731 543 humanarum,
1756 512 1808 535 se-

1029 555 1171 586 cundum
1193 556 1419 597 Augustinum
1441 557 1450 573 ⁸
1474 559 1505 588 et
1527 557 1761 598 Philosophum
1779 557 1806 596 ⁸,

1029 608 1086 649 qui
1101 608 1186 648 dicit,
1203 611 1289 650 quod
1301 611 1428 652 sapiens
1438 613 1496 648 est,
1508 611 1564 652 qui
1578 611 1669 643 novit
1683 611 1804 643 omnia.

1030 661 1134 694 Minus
1149 664 1364 696 communiter
1378 665 1454 696 dicit
1463 665 1682 706 cognitionem
1695 673 1808 695 rerum

1029 717 1240 756 aeternarum,
1269 718 1353 749 unde
1376 718 1593 759 Apostolus⁶z
1615 719 1686 751 Alii
1710 717 1808 751 datur

1029 777 1129 803 sermo
1152 772 1325 811 sapientioe
1339 796 1350 811 ‚
1376 771 1408 803 id
1431 774 1478 803 est
1502 771 1644 812 cognitio
1670 774 1808 804 aeterno-

1030 832 1115 855 rum.
1132 824 1264 865 Proprie
1279 825 1355 856 dicit
1370 825 1589 865 cognitionem
1609 835 1674 866 qua
1693 825 1808 857 colitur

1031 878 1113 909 Deus
1128 878 1190 910 fide
1200 903 1208 917 ‚
1226 881 1257 909 et
1272 888 1345 919 spe,
1363 881 1394 910 et
1406 878 1559 910 charitate
1573 889 1580 909 ε
1597 879 1684 910 unde
1697 879 1756 911 Joh
1770 882 1782 899 ⁷
1798 890 1805 910 :

1030 932 1139 965 Pietas
1154 932 1193 973 (a)
1210 933 1284 972 ipsa
1298 936 1346 965 esc
1359 933 1535 972 sapientia.
1554 932 1656 973 Magis
1677 933 1806 973 proprie

1030 987 1174 1018 nominat
1188 987 1407 1027 cognitionem
1422 986 1476 1018 Dei
1495 985 1785 1027 experimentalem
1797 1011 1806 1026 ‚

1029 1042 1059 1071 et
1083 1041 1127 1071 sic
1152 1043 1198 1072 est
1221 1050 1324 1072 unum
1353 1041 1391 1072 de
1412 1043 1532 1081 septem
1555 1040 1647 1072 donis
1671 1040 1808 1081 Spiritus

1029 1094 1146 1132 sancti,
1165 1096 1258 1135 quus
1280 1097 1369 1126 aetus
1389 1094 1529 1125 consistit
1551 1094 1586 1125 in
1606 1094 1807 1134 degustando

1029 1148 1219 1180 suavitatem
1244 1149 1310 1180 Dei.
1336 1148 1397 1186 Qui
1423 1148 1554 1189 quidem
1580 1150 1670 1179 actus
1691 1148 1805 1188 partim

1028 1204 1073 1232 est
1092 1202 1291 1242 cognitivus‚
1309 1202 1425 1243 partim
1447 1202 1615 1233 effectivus
1634 1213 1641 1231 :
1661 1201 1706 1232 ita
1720 1201 1806 1242 quod

1030 1255 1063 1285 in
1076 1255 1261 1295 cognitione
1273 1256 1453 1293 inchoatur,
1467 1255 1542 1286 etin
1553 1254 1720 1286 affectione
1733 1263 1807 1285 con-

1028 1310 1220 1339 summatur.
1240 1308 1317 1340 item
1333 1308 1488 1340 habemus
1509 1309 1672 1349 quiescere
1691 1308 1724 1338 in
1747 1316 1804 1348 op-

1027 1362 1106 1393 timo
1122 1371 1177 1402 per
1200 1362 1444 1402 intelligentiam
1468 1362 1596 1393 virtutis
1611 1387 1618 1401 ‚
1641 1364 1673 1393 et
1690 1361 1735 1393 sic
1758 1363 1805 1393 est

1027 1415 1148 1446 (tonum
1165 1416 1358 1454 intellectns;
1382 1418 1412 1447 et
1427 1425 1483 1456 per
1499 1415 1697 1447 affectionem
1713 1415 1805 1447 boni-

1027 1470 1118 1508 tatis,
1137 1472 1167 1501 et
1183 1470 1227 1501 sic
1242 1472 1288 1501 est
1303 1470 1423 1501 donum
1440 1470 1616 1510 sapientiae.

1068 1524 1206 1554 scientia
1220 1524 1317 1555 etiam
1333 1524 1447 1555 (licitur
1462 1524 1566 1554 tribus
1581 1524 1695 1554 modis,
1713 1523 1805 1561 Quae-

1026 1578 1099 1608 dam
1113 1578 1199 1609 enim
1213 1580 1259 1608 est
1269 1578 1400 1608 scientia
1411 1577 1587 1608 consistens
1598 1577 1630 1608 in
1642 1577 1805 1609 intellectu

1027 1641 1106 1671 pure
1129 1631 1324 1672 speculativo
1340 1655 1349 1669 ,
1380 1631 1510 1662 fundata
1533 1640 1630 1671 super
1647 1631 1804 1671 principia

1026 1686 1174 1723 rationis,
1193 1688 1228 1716 ut
1243 1688 1289 1716 est
1309 1685 1438 1715 scientia
1460 1685 1633 1725 acquisita,
1655 1685 1724 1716 sive
1739 1685 1804 1716 hu-

1026 1748 1122 1769 mana
1145 1738 1354 1778 philosophia.
1382 1737 1535 1775 Quaedam
1564 1741 1611 1768 est
1632 1737 1804 1769 consistens

1026 1793 1058 1822 in
1075 1792 1234 1822 intellectu
1250 1791 1398 1822 inclinato
1413 1792 1453 1822 ab
1474 1791 1588 1822 affectu
1607 1793 1659 1830 (α),
1672 1791 1803 1822 fundata

1025 1854 1121 1885 super
1135 1845 1290 1885 principia
1302 1845 1384 1885 juris
1403 1845 1558 1876 naturalis
1569 1869 1577 1882 ,
1596 1844 1748 1876 ordinans
1762 1844 1802 1875 ad

1025 1902 1143 1930 rectam
1170 1902 1200 1929 ct
1222 1899 1389 1929 honestam
1413 1899 1531 1936 vitam,
1552 1901 1587 1929 ut
1605 1901 1651 1929 est
1673 1898 1803 1929 scientia

1024 1953 1203 1993 prudentiae
1223 1953 1361 1984 virtutis.
1387 1952 1539 1990 Quaedam
1565 1955 1612 1983 est
1628 1952 1802 1983 consistens

1025 2007 1057 2037 in
1081 2007 1239 2037 intellectu
1266 2007 1416 2037 inclinato
1431 2017 1450 2037 a
1474 2006 1555 2043 fide,
1582 2007 1613 2036 et
1628 2005 1800 2036 inclinante

1023 2060 1061 2090 ad
1077 2060 1296 2099 operationem
1312 2061 1442 2097 bonam,
1459 2059 1590 2090 fundata
1605 2067 1701 2098 super
1716 2058 1801 2098 prin-

1023 2113 1105 2153 cipia
1122 2113 1195 2144 fidei
1208 2138 1216 2151 ,
1229 2113 1352 2144 habens
1367 2115 1475 2144 ortum
1490 2122 1509 2144 a
1523 2112 1614 2143 donis
1627 2111 1800 2152 spiritualis

1024 2167 1137 2205 gratiae
1149 2191 1156 2204 ‚
1177 2170 1213 2198 ut
1227 2170 1274 2198 est
1288 2167 1408 2197 donum
1423 2166 1563 2197 scientiae
1576 2190 1584 2203 ‚
1601 2166 1694 2206 cujus
1711 2167 1801 2196 actus

1024 2219 1205 2259 pra‘cipuus
1218 2223 1263 2250 est
1282 2219 1421 2259 dirigere
1436 2220 1469 2249 in
1482 2219 1614 2259 agendis
1623 2218 1800 2250 secundum

1023 2273 1219 2313 exigentiam
1249 2273 1372 2312 regulae
1403 2273 1476 2304 fidei
1492 2297 1501 2312 ,
1535 2275 1565 2304 et
1592 2272 1799 2304 imitationem

1023 2325 1148 2356 Christi.

1063 2379 1105 2409 De
1121 2379 1204 2410 dono
1218 2379 1396 2410 intellectus
1411 2381 1499 2417 tene,
1516 2379 1601 2418 quod
1620 2380 1690 2418 eJus
1711 2380 1799 2408 actus

1022 2432 1163 2463 consistit
1178 2433 1211 2462 in
1227 2431 1491 2471 contemplatione
1507 2440 1573 2462 non
1587 2431 1690 2462 solum
1707 2439 1797 2461 crea-

1024 2486 1108 2516 tricis
1123 2485 1267 2516 essentize
1277 2509 1285 2522 ,
1305 2494 1417 2515 verum
1433 2485 1528 2515 etiam
1553 2485 1587 2514 in
1602 2484 1798 2524 contempla-

1022 2538 1107 2568 tione
1122 2536 1294 2577 spiritualis
1318 2539 1483 2567 creatm'ae.
1511 2536 1651 2567 Habetur
1667 2537 1797 2577 quidem

1022 2597 1031 2611 ³
1043 2597 1102 2625 Im„
1118 2601 1154 2625 xl,
1172 2597 1178 2618 t
1197 2597 1285 2625 etseq.
1298 2607 1328 2612 —
1343 2595 1352 2611 θ
1364 2596 1438 2625 Aug„
1449 2594 1478 2617 ‹Ie
1494 2594 1651 2622 T1·1'111't.,lib.
1665 2595 1730 2625 MV,
1745 2602 1766 2618 c.
1781 2600 1796 2619 Ι.

1022 2645 1051 2649 —-
1069 2633 1078 2648 ὓ
1095 2632 1181 2660 A1·ist.‚
1196 2630 1316 2661 Melaph„
1331 2630 1375 2654 lib.
1391 2631 1410 2661 1,
1427 2636 1532 2654 c.11.·—-
1548 2632 1556 2644 ⁶
1571 2631 1576 2653 Ι
1593 2630 1661 2658 Cor..
1675 2636 1722 2660 xit,
1735 2633 1758 2655 8.
1769 2642 1799 2648 —

1021 2668 1030 2684 ⁷
1045 2666 1099 2697 Job,
1115 2672 1215 2696 xxvnt,
1230 2668 1269 2690 28.

1056 2710 1088 2738 (a)
1106 2708 1180 2738 Vulg-
1204 2707 1285 2731 Timor
1306 2706 1416 2730 Domini.
1438 2718 1466 2723 ·—
1484 2706 1518 2738 (b)
1538 2707 1597 2732 Coet.
1619 2707 1681 2731 edit.
1697 2705 1796 2731 effectu.

1846 293 1930 320 Singu-

1819 324 1873 346 luis
1883 325 1925 346 do-

1836 361 1916 391 norum

1830 393 1916 408 consis-

1829 417 1908 439 mnan.

1820 1538 1923 1560 seientia.

1851 2384 1917 2406 lutet-

1814 2416 1890 2437 lectus.
