2003 3037
96 1604 173 1626 Omnis

66 1636 172 1656 divinatio

73 1668 165 1687 damna-

65 1698 124 1719 bilis.

786 231 902 265 PART.
929 233 950 264 Ι.
975 231 1082 264 SECT.
1106 232 1197 264 XXX.

181 301 248 334 ritu
256 301 383 340 avium3
395 300 571 342 maleficus,
581 299 753 332 immolans
761 300 964 332 daemonibus

183 365 316 397 pueros,
345 356 398 388 vel
430 355 543 387 saltem
569 355 711 387 lustrans
725 379 734 394 ,
762 363 875 395 magnis
902 355 965 386 alio

184 409 315 441 nomine
330 408 444 440 dictus.
467 409 658 441 lncantator
680 410 727 439 est
743 408 965 448 praestigiosus

184 463 295 495 fallens
327 462 437 495 oculos
467 462 663 494 intuentium
680 473 687 500 ;
713 462 815 503 pylho
849 462 889 503 (a)
916 464 964 493 est

186 517 408 558 ventriloquus
437 525 494 556 per
521 515 671 557 spiritum
695 515 878 555 malignum
914 515 964 547 lo-

183 580 304 612 quens,
322 580 341 602 a
358 569 513 610 Pythone,
531 568 584 601 vel
598 568 730 610 Pythio,
744 569 777 600 id
791 571 851 608 est,
868 569 966 610 Apol-

183 626 247 656 line
261 625 374 656 dictus.
392 624 555 662 Divinus,
571 623 603 654 id
618 626 666 654 est
680 633 818 664 aruspex
828 649 837 662 ,
855 624 888 655 id
901 625 964 662 est,

183 678 343 719 inspector
363 680 535 709 astrorum.
563 677 714 718 Auspex,
741 678 798 718 qui.
824 678 966 709 volatum

183 731 294 763 avium
303 731 425 772 aspicit.
438 733 561 772 Αηρῑιν,
573 731 628 771 qui
640 741 734 762 voces
745 732 964 763 auditavium.

183 785 340 825 Estipeoe,
365 785 421 826 qui
445 787 537 823 exta,
555 785 585 816 id
605 787 672 823 est,
698 785 849 816 intestina
867 794 966 825 pecu—

183 840 262 871 dum
279 839 416 880 inspicit.
433 839 637 878 Astioloqus,
660 838 715 878 qui
735 838 769 869 in
790 839 884 869 astris
905 848 967 869 au-

185 896 332 934 guratur.
352 892 585 930 Genethliacus,
603 892 657 932 qui
674 901 779 923 mores
793 892 967 923 hominum

185 947 358 988 praedicere
392 949 527 978 conatur
565 947 746 978 secundum
775 947 870 986 signa
905 947 966 978 sul)

186 1001 304 1042 quibus
317 1001 466 1032 homines
482 1002 659 1031 nascuntur
676 1011 682 1030 :
700 1000 752 1030 hic
771 1001 875 1040 vulgo
899 1009 967 1032 ma-

186 1055 372 1088 thomaricus
391 1056 536 1093 vocatur,
558 1056 652 1094 quus
671 1055 854 1094 superstitio
875 1063 965 1085 cons-

183 1109 303 1140 tellatio
318 1108 435 1140 dicitur
460 1117 478 1138 a
507 1108 638 1139 Latinis
665 1109 886 1148 Horoscopus,
913 1108 969 1148 qui

187 1171 246 1203 per
260 1163 355 1193 horas
368 1162 569 1193 nativitatem
590 1161 761 1192 hominum
785 1161 969 1201 speculatur

184 1217 311 1248 diverso
323 1218 354 1247 et
371 1215 516 1247 dissimili
533 1216 624 1246 facto.
647 1215 823 1256 Sortilequs
839 1217 897 1253 est,
914 1216 969 1255 qui

186 1271 246 1301 sub
274 1270 406 1301 nomine
432 1270 515 1300 fictae
544 1269 713 1308 religionis
729 1293 738 1308 ,
764 1269 969 1300 divinationis

185 1324 351 1355 scientiam
370 1324 550 1364 profitetur,
571 1324 621 1354 vel
640 1333 680 1354 ex
697 1324 895 1365 inspectione
911 1323 968 1354 ali-

185 1386 324 1417 quarum
344 1377 578 1418 scripturarum
600 1377 743 1417 praedicit
768 1378 886 1408 futura.
910 1378 967 1409 Sa-

187 1431 300 1468 liator,-
315 1431 371 1471 qui
385 1431 463 1462 dum
489 1440 706 1471 quaecumque
722 1441 796 1472 pars
811 1432 969 1462 membro-

185 1493 260 1515 rum
286 1485 315 1516 ei
339 1484 479 1522 salierit,
501 1485 617 1515 exinde
638 1485 759 1525 aliquid
779 1494 968 1525 prosperum

186 1538 238 1569 vel
255 1539 340 1569 triste
354 1538 531 1578 significari
550 1539 705 1579 praedicit.

228 1591 282 1623 Est
296 1594 403 1623 autem
418 1593 523 1623 omnis
539 1593 692 1623 divinatio
708 1593 851 1632 deceptio
867 1595 896 1623 et
912 1593 967 1624 de-

187 1644 270 1676 lusio
284 1645 460 1683 diabolica;
478 1646 548 1676 ideo
564 1646 730 1676 maledicta
745 1656 763 1676 a
780 1646 841 1677 Deo
852 1671 859 1685 ,
875 1649 905 1677 et
928 1647 968 1677 ab

189 1698 325 1730 Ecclesia
340 1699 517 1730 interdicta.
541 1699 604 1730 Nec
622 1702 723 1739 potest
744 1710 782 1730 ea
796 1710 835 1731 ex
851 1700 967 1732 volun-

189 1752 270 1783 tario
285 1753 477 1783 commercio
493 1753 662 1792 quisquam
678 1753 726 1783 uti
743 1753 810 1784 sine
828 1756 965 1793 peccato.

189 1806 254 1836 Aut
268 1806 355 1836 enim
369 1808 416 1836 est
430 1807 473 1836 ibi
485 1809 651 1846 peccatum
666 1806 873 1845 infidelitatis,
889 1808 967 1838 dum

188 1859 308 1899 aliquid
331 1860 477 1890 divinum
508 1860 633 1891 diabolo
660 1861 857 1897 attribuitur,
882 1862 968 1901 quod

190 1912 241 1944 Dei
257 1915 320 1952 est3
335 1917 389 1945 aut
403 1917 450 1945 est
464 1916 630 1954 peccatum
648 1915 847 1952 idololatriae,
859 1918 968 1955 utpote

188 1967 220 1997 in
235 1967 449 1999 oblationibus
465 1971 496 1998 et
511 1969 672 1999 sacrificiis
687 1980 693 2005 ;
716 1972 771 1999 aut
789 1971 836 2000 est
856 1979 966 2009 pecca-

187 2024 256 2052 tum
275 2021 499 2053 inobedientIae
511 2046 520 2060 ‚
542 2022 618 2062 quia
640 2023 675 2053 tit
690 2026 801 2053 contra
824 2023 966 2063 prohihi-

186 2075 306 2105 tionem
330 2075 384 2106 Dei
408 2079 439 2106 et
459 2076 618 2107 Ecclesiae.
636 2076 719 2107 Talis
734 2080 841 2108 autem
858 2078 968 2117 prohi-

188 2127 265 2158 bitio
282 2131 328 2159 est
342 2131 461 2166 sancta,
474 2130 549 2169 quia
563 2130 637 2160 talis
649 2131 798 2169 peccatin
811 2131 964 2171 seipsum,

189 2181 266 2212 dum
282 2182 460 2213 discrimini
475 2192 508 2213 se
523 2183 708 2221 committit3
727 2186 835 2222 peccat
852 2185 885 2214 in
901 2194 967 2215 ma-

184 2235 332 2274 jestatem
357 2235 502 2266 divinam
515 2261 522 2274 ,
541 2236 619 2267 dum
643 2237 778 2266 recurrit
802 2237 842 2268 ad
863 2238 968 2269 diabo-

189 2287 272 2325 lum,
290 2289 380 2329 quasi
395 2298 460 2320 non
476 2289 515 2319 sit
530 2289 747 2329 omnipotens,
763 2290 965 2329 omnisciens,

188 2341 352 2381 benignus
380 2342 463 2373 Deus
487 2342 763 2382 ChristianorumJ;
800 2346 907 2384 peccat
934 2346 967 2374 in

188 2395 379 2434 Ecclesiam,
405 2406 479 2428 cum
507 2397 738 2428 commercium
763 2397 878 2429 habeat
893 2408 967 2428 cum

189 2448 258 2486 illo,
275 2450 330 2490 qui
342 2451 475 2482 omnino
483 2452 636 2490 praecisus
651 2453 697 2482 est
707 2451 747 2481 ab
766 2451 917 2489 Ecclesia,
938 2454 969 2482 et

190 2502 292 2533 eidem
306 2504 507 2536 adversatur.

223 2601 375 2631 ¹thhnrd.,
397 2603 426 2626 de
452 2603 552 2627 Erudit.
575 2604 650 2626 inter.
677 2604 751 2633 hom„
771 2611 793 2628 c.
821 2610 918 2636 X111,p.
946 2607 967 2629 1.

191 2649 222 2654 —
242 2638 251 2651 ²
270 2637 345 2666 Dan„
365 2644 411 2668 vn,
433 2640 456 2663 ὓ.
478 2653 509 2658 -
528 2639 538 2655 ³
554 2639 640 2670 meg„
665 2640 690 2662 in
715 2640 821 2670 λήψῃ,
845 2639 915 2663 hom.
933 2646 969 2668 iv,

191 2672 266 2703 longe
282 2674 341 2704 post
354 2674 422 2698 med.

227 2726 257 2757 (α)
275 2727 337 2750 Caet.
352 2726 412 2750 edit.
430 2727 527 2758 Phyto,
542 2729 566 2751 et
581 2728 617 2751 sic
631 2728 752 2759 deinceps,

1742 235 1794 265 37¹

1266 351 1416 386 SECTIO
1444 351 1552 386 XXX.

1119 438 1157 464 De
1175 437 1327 473 hypocrisi,
1349 438 1482 470 simonia,
1503 440 1529 465 ec
1547 438 1702 473 sacrilegio.

1062 519 1216 559 Sequitur
1239 518 1349 549 videre
1371 517 1410 548 de
1434 517 1569 558 peccatis
1593 517 1711 558 quibus
1734 517 1804 549 vili-

1021 572 1172 613 penditur
1187 572 1338 603 sanctitas
1353 571 1507 602 bonitatis
1531 571 1651 603 divinae
1673 579 1805 611 perver-

1021 627 1112 657 sitate
1127 625 1237 657 utendi
1254 636 1261 655 ι
1276 624 1362 665 quod
1375 625 1410 655 fit
1423 625 1599 665 tripliciter,
1617 624 1735 655 scilicet
1749 633 1803 664 ap-

1022 680 1163 720 parentis
1179 679 1354 710 sanctitatis
1369 678 1584 716 simulatione,
1603 680 1638 709 ut
1652 678 1688 708 in
1702 677 1804 718 hypo-

1021 733 1095 763 crisi
1106 744 1113 771 ;
1126 733 1279 764 abusione
1294 732 1368 763 doni
1386 732 1533 772 gratuiti,
1548 734 1584 762 ut
1598 732 1631 762 in
1647 731 1800 770 simonia;

1022 787 1194 818 violatione
1208 786 1268 818 loci
1284 786 1384 824 sacri,
1400 788 1436 817 ut
1450 786 1485 816 in
1499 785 1681 826 sacrilegio.

1064 840 1171 871 Primo
1182 864 1191 878 ,
1209 840 1247 871 (le
1261 840 1424 880 hypocrisi
1439 842 1514 870 sunt
1533 839 1679 871 videndae
1694 840 1804 870 notifi-
1824 848 1929 884 uypoeyi-

1023 895 1162 925 cationes
1176 896 1207 925 et
1225 894 1424 925 differentiae.
1451 894 1637 934 Hypocrisis
1654 894 1699 925 sic
1720 894 1804 925 diffi-
1823 880 1932 938 ’(ᾀῖςὸἆῖἓῖξῖ

1023 948 1110 979 nitur
1132 958 1151 979 a
1174 949 1324 980 Rabano:
1347 960 1361 977 «
1385 948 1559 989 Hypocrita
1580 951 1644 987 est,
1663 949 1718 989 qui
1739 948 1809 979 vult
1844 944 1902 969 0¹⁸¹·

1024 1001 1127 1032 videri
1150 1002 1236 1041 quod
1261 1011 1326 1032 non
1346 1004 1411 1040 est,
1428 1001 1548 1032 scilicet
1568 1002 1672 1033 bonus
1684 1026 1693 1041 ,
1718 1002 1808 1043 quasi

1024 1055 1156 1086 alterius
1167 1064 1312 1095 personae
1323 1057 1580 1096 repraesentator.
1595 1067 1609 1084 »
1626 1055 1704 1086 Item
1718 1056 1810 1086 aliter

1024 1098 1207 1140 diffinitur:
1235 1109 1408 1149 Hypocrita
1432 1111 1500 1148 est,
1527 1110 1583 1149 qui
1611 1110 1680 1141 vult
1705 1110 1808 1141 videri

1024 1163 1139 1201 bonus,
1163 1172 1236 1193 cum
1253 1172 1318 1193 non
1334 1163 1384 1193 sit.
1405 1163 1483 1193 Item
1498 1163 1607 1194 aliter:
1628 1163 1810 1203 Hypocrisis

1025 1219 1072 1248 est
1099 1217 1217 1248 vitium
1247 1217 1416 1256 clausum,
1449 1216 1655 1248 simulatione
1682 1217 1810 1248 virtutis

1024 1271 1204 1311 palliatum.
1223 1271 1330 1302 Potest
1353 1271 1451 1301 etiam
1466 1271 1526 1301 hoc
1544 1271 1637 1301 modo
1655 1270 1785 1302 diffiniri
1801 1283 1806 1301 :

1026 1324 1210 1365 Hypocrisis
1226 1327 1274 1355 est
1297 1325 1413 1355 vitium
1425 1349 1434 1362 ,
1451 1333 1515 1364 quo
1530 1325 1602 1364 quis
1620 1324 1689 1356 vult
1709 1325 1809 1356 videri

1025 1379 1128 1409 bonus
1142 1379 1332 1409 inordinate.
1356 1378 1483 1418 Species
1497 1378 1677 1419 hypocrisis
1693 1389 1807 1410 secun-

1025 1432 1102 1463 dum
1135 1432 1330 1464 Richardum
1364 1434 1371 1449 ¹
1402 1435 1478 1463 sunt
1504 1435 1664 1473 quatuor,
1694 1433 1810 1464 scilicet

1025 1485 1183 1516 affectatio
1220 1486 1411 1525 diguitatis,
1441 1486 1598 1517 affectatio
1627 1487 1807 1525 libertatis,

1025 1541 1182 1571 affectatio
1206 1540 1423 1578 auctoritatis,
1449 1540 1607 1571 affectatio
1634 1541 1807 1580 potestatis.

1025 1594 1209 1625 Secundum
1229 1594 1437 1633 Gregorium,
1459 1594 1578 1634 pardus
1598 1595 1631 1625 iu
1656 1595 1783 1626 Daniele
1798 1598 1808 1614 ²

1025 1648 1147 1679 habens
1162 1650 1303 1688 quatuor
1318 1648 1394 1686 alas,
1412 1648 1578 1688 hypocrita
1591 1649 1712 1680 habens
1728 1659 1807 1689 qua-

1025 1704 1098 1732 tuor
1120 1702 1250 1741 species.
1277 1701 1385 1732 Prima
1408 1704 1455 1732 est
1477 1702 1632 1741 jactantia
1660 1703 1698 1733 de
1726 1703 1809 1734 bono

1026 1755 1207 1793 manifest03
1226 1756 1381 1793 secunda,
1403 1755 1564 1786 simulatio
1589 1756 1627 1786 de
1650 1756 1734 1787 bono
1757 1766 1810 1787 oc-

1024 1810 1129 1847 culto;
1148 1809 1237 1840 tertia
1249 1834 1258 1847 ,
1275 1809 1440 1840 excusatio
1455 1810 1493 1839 de
1515 1810 1598 1840 malo
1618 1811 1786 1841 manifesto
1799 1823 1806 1849 ;

1024 1865 1148 1903 quarta,
1166 1863 1375 1893 dissimulatio
1392 1863 1429 1893 de
1444 1863 1528 1893 malo
1543 1864 1677 1894 occulto.

1065 1917 1208 1947 Simonia
1225 1919 1272 1947 est
1288 1917 1428 1947 studiosa
1448 1917 1596 1947 voluntas
1611 1918 1738 1948 emendi
1755 1918 1805 1948 vel
1826 1933 1927 1953 smmi„

1024 1970 1181 2002 vendendi
1206 1970 1333 2010 aliquod
1356 1970 1541 2010 spirituale,
1571 1971 1620 2002 vel
1648 1972 1805 2011 spirituali

1024 2033 1199 2055 annexum.
1231 2024 1306 2055 Haec
1334 2027 1444 2054 autem
1475 2025 1674 2056 contrahitur
1702 2026 1803 2066 tripli-

1024 2078 1118 2115 citer,
1156 2077 1334 2108 secundum
1371 2077 1565 2117 Gregorium
1587 2079 1621 2117 ³,
1653 2079 1770 2110 scilicet
1797 2091 1803 2109 2

1024 2141 1159 2162 munere
1174 2140 1193 2161 a
1209 2140 1319 2169 manu,
1338 2131 1423 2170 quod
1438 2134 1485 2162 est
1500 2133 1654 2171 pecunia;
1671 2142 1805 2163 munere

1024 2186 1062 2216 ab
1079 2185 1244 2224 obsequio,
1259 2184 1345 2224 quod
1363 2188 1410 2214 est
1429 2185 1568 2215 servitus
1591 2186 1728 2216 indebite
1747 2187 1805 2217 im-

1024 2248 1141 2278 pensa,
1161 2246 1295 2268 munere
1319 2246 1336 2267 a
1362 2238 1495 2276 lingua,
1522 2240 1606 2278 quod
1629 2242 1678 2269 est
1699 2240 1800 2271 favor.

1025 2292 1100 2323 Tres
1124 2294 1230 2322 autem
1257 2294 1331 2322 sunt
1354 2291 1542 2323 differentiae
1563 2294 1740 2325 materiales
1764 2295 1803 2324 si-

1026 2346 1141 2377 moniae
1161 2357 1166 2375 :
1191 2345 1295 2384 prima
1320 2348 1386 2383 est,
1413 2346 1541 2385 quando
1567 2348 1717 2379 venditur
1742 2349 1803 2388 spi-

1025 2399 1157 2437 rituale,
1188 2399 1271 2429 sicut
1298 2401 1374 2429 sunt
1402 2398 1549 2431 Ecclesiae
1578 2405 1819 2440 sacramenta;·

1025 2453 1164 2484 secunda
1191 2454 1258 2491 est,
1291 2453 1420 2492 quando
1454 2454 1604 2485 venditur
1639 2464 1802 2487 annexum

1026 2506 1202 2547 spirituali,
1228 2508 1263 2536 ut
1289 2508 1335 2537 est
1364 2507 1552 2546 praebenda,
1583 2517 1656 2549 quae
1682 2510 1803 2541 ratione

1026 2560 1331 2599 consanguinitatis,
1358 2560 1426 2591 sive
1451 2561 1562 2601 pretii,
1587 2562 1638 2594 vel
1665 2563 1803 2600 favoris,

1026 2614 1121 2645 datur
1137 2616 1167 2644 et
1182 2613 1344 2644 obtinetur
1358 2614 1507 2654 indigne3
1524 2616 1616 2647 tertia
1629 2620 1687 2653 est,
1702 2625 1804 2656 quan-

1027 2668 1067 2698 do
1095 2667 1246 2698 venditur
1274 2666 1458 2706 spirituale,
1476 2671 1506 2699 et
1523 2677 1686 2699 annexum
1715 2670 1806 2709 spiri-

1029 2721 1120 2758 tuali,
1137 2722 1174 2750 ut
1188 2724 1235 2750 est
1250 2720 1443 2759 praedicatio.
