2003 3037
111 586 173 608 Aeno

91 617 192 645 principii

100 649 184 675 periec-

103 680 186 702 tissimi.

788 242 837 276 DE
859 243 1072 276 CREATURA
1093 241 1228 275 MUNlll.

209 310 310 344 nihilo
334 311 425 352 ponit
449 321 519 344 esse
544 313 617 354 post
637 320 702 344 non
723 319 810 351 esse,
833 321 874 343 ex
895 313 985 352 parte

209 365 376 407 producti,
393 367 425 396 et
447 365 694 398 immensitatem
718 365 750 396 in
768 365 886 396 virtute
908 374 983 406 pro-

210 419 363 458 ducente,
388 429 428 451 ex
455 421 543 459 parte
566 418 730 459 principii;
756 427 831 449 cum
856 419 917 450 hoc
945 419 987 450 sit

211 475 310 507 solius
323 475 394 514 Dei,
410 481 538 506 necesse
552 473 598 503 est
613 471 698 512 quod
712 473 859 503 creatura
873 471 985 502 mundi

211 529 252 560 sit
266 529 420 570 producta
433 535 473 559 ex
487 527 631 566 tempore
653 525 693 556 ab
708 525 777 565 ipsa
795 525 915 556 virtute
930 525 987 555 im-

211 591 322 613 mensa
329 605 339 621 ,
351 582 466 621 agente
477 588 534 620 per
547 588 581 610 se
595 580 625 610 et
640 578 831 610 immediate.
850 578 985 616 Rursus,

212 635 365 676 qnoniam
379 632 574 674 principium
593 631 874 673 perfectissimum,
891 641 911 663 a
922 640 987 672 qno

212 690 322 720 manat
344 687 492 728 perfectio
517 686 744 718 universorum
758 709 765 723 ,
791 694 917 716 necesse
941 688 988 716 est

211 751 309 784 agere
322 751 343 773 a
357 751 412 780 se,
428 742 459 772 et
475 739 653 771 secundum
668 749 702 770 se
712 763 722 778 ,
743 741 774 770 et
789 741 917 779 propter
933 747 985 776 se,

211 798 242 828 et
265 796 342 837 quia
363 795 451 827 nullo
474 794 509 826 in
533 793 658 834 agendo
683 793 807 832 indiget
829 794 920 823 extra
935 801 986 830 se;

210 859 339 881 necesse
362 851 425 887 est⁷
449 848 535 889 quod
559 847 676 878 habeat
700 846 910 877 intentionem
936 847 987 876 tri-

211 902 301 943 plicis
322 910 441 939 causae,
458 902 603 941 respectu
624 899 794 940 cujuslibet
815 901 986 936 creaturae,

213 956 332 987 scilicet
345 954 509 986 efficientis
521 953 712 994 exemplaris
722 977 732 991 ,
747 955 779 984 et
792 953 907 983 finalis.
925 952 985 984 Nc-

212 1018 298 1040 cesse
311 1011 358 1040 est
368 1009 464 1039 etiam
477 1016 608 1038 omnem
621 1009 801 1038 creaturam
813 1006 986 1037 secundum

212 1062 295 1094 hanc
320 1061 476 1102 triplicem
499 1060 720 1091 habitudinem
748 1060 926 1100 comparari
949 1060 988 1091 ad

211 1124 339 1147 causam
355 1115 506 1155 primam.
523 1114 635 1145 Omnis
650 1113 736 1145 enim
751 1115 897 1144 creatura
912 1122 986 1144 con-

211 1169 356 1200 stituitur
380 1169 414 1199 in
436 1177 504 1199 esse
526 1168 566 1198 ab
582 1167 753 1205 efficiente,
769 1169 800 1197 et
815 1167 989 1198 conforma-

213 1227 265 1254 tur
282 1223 321 1254 ad
337 1222 512 1262 exemplar,
528 1224 559 1253 et
574 1222 739 1252 ordinatur
754 1221 793 1252 ad
811 1222 908 1251 tinem
929 1232 935 1250 z
953 1230 989 1251 ac

211 1286 268 1317 per
293 1277 353 1307 hoc
379 1277 426 1306 est
451 1285 516 1306 una
541 1284 638 1311 vera,
663 1275 761 1311 bona,
788 1275 985 1312 modificata,

213 1330 371 1370 speciosa,
393 1330 556 1366 ordinata,
581 1331 783 1366 mensurata,
806 1328 939 1359 discreta
958 1330 988 1358 et

212 1383 385 1424 ponderata
401 1394 407 1413 τ
425 1385 470 1414 est
484 1383 571 1414 enim
585 1382 709 1422 pondus
728 1382 891 1412 inclinatio
907 1381 989 1412 ordi-

212 1437 334 1468 native.
363 1437 402 1468 Et
428 1437 499 1467 haec
526 1436 657 1476 quidem
687 1435 878 1475 generaliter
906 1435 990 1465 dicta

211 1493 286 1521 sunt
301 1491 339 1522 de
354 1490 442 1520 omni
463 1491 626 1527 creatura,
648 1489 715 1520 sive
731 1497 882 1528 corporea
896 1513 903 1527 ,
921 1488 989 1518 sive

211 1543 411 1584 incorporea,
428 1543 495 1574 sive
518 1551 558 1573 ex
575 1543 721 1583 utrisque
741 1543 928 1580 constituta⁷
945 1541 986 1572 si-

213 1598 266 1628 cut
280 1606 321 1628 ex
335 1599 450 1628 natura
465 1597 619 1627 humana.

492 1704 635 1738 CAPUT
664 1705 693 1737 11
698 1731 706 1738 .

299 1786 337 1813 De
354 1789 455 1813 natura
473 1786 610 1821 corporali
629 1788 759 1821 quantum
778 1786 814 1813 ad
830 1787 899 1820 fieri.

255 1864 376 1896 Natura
390 1873 468 1895 vero
484 1873 636 1904 corporea
655 1864 748 1895 nobis
763 1864 990 1895 consideranda

214 1921 261 1950 est
275 1921 432 1959 quantum
453 1918 493 1948 ad
515 1918 601 1956 fieri,
621 1920 652 1948 et
674 1920 830 1957 quantum
845 1918 884 1949 ad
903 1927 986 1956 esse,

214 1974 244 2003 et
259 1974 417 2012 quantum
432 1971 471 2002 ad
487 1971 623 2011 operari.
640 1971 682 2002 De
696 1973 811 2002 natura
827 1980 904 2002 vero
919 1980 988 2002 cor-

213 2034 310 2065 porea
325 2027 482 2065 quantum
497 2024 537 2055 ad
557 2024 642 2062 fieri,
659 2024 729 2055 haec
751 2024 929 2064 specialiter
943 2027 988 2055 te-

212 2079 318 2110 nenda
333 2081 422 2116 sunt,
446 2078 564 2108 scilicet
585 2078 667 2117 quod
687 2086 743 2108 sex
766 2078 877 2108 diebus
898 2077 938 2108 sit
958 2078 989 2108 in

214 2141 280 2162 esse
302 2133 475 2172 producta,
496 2132 540 2162 ita
563 2132 646 2171 quod
665 2132 674 2148 ¹
689 2131 721 2161 in
741 2131 896 2171 principio
917 2133 990 2162 ante

214 2194 342 2216 omnem
356 2185 440 2216 diem
455 2185 574 2215 creavit
584 2184 666 2215 Deus
681 2184 797 2215 coelum
813 2187 844 2215 et
858 2187 987 2215 terram.

214 2238 321 2269 Prima
342 2248 419 2269 vero
440 2238 490 2269 die
510 2238 645 2268 formata
666 2239 712 2267 est
733 2237 791 2267 lux
803 2248 810 2275 3
835 2238 988 2274 secunda,

214 2293 454 2323 firmamentum
465 2292 584 2322 factum
597 2291 686 2321 estin
702 2291 806 2321 medio
816 2299 971 2330 aquarum
982 2301 989 2328 ;

214 2347 307 2376 tertia
330 2345 381 2376 die
401 2346 554 2384 separatae
580 2346 654 2374 sunt
678 2352 769 2383 aqua}
794 2352 813 2373 a
834 2346 936 2381 terra,
961 2345 993 2373 et

216 2400 422 2439 congregatae
444 2398 478 2428 in
504 2397 611 2428 locum
630 2406 753 2433 unum;
777 2398 892 2436 quarta
916 2405 992 2427 vero

216 2453 266 2484 die
285 2453 403 2483 coelum
417 2453 568 2482 ornatum
585 2452 632 2481 est
650 2450 880 2487 luminaribus;
897 2450 992 2489 quin-

218 2507 260 2544 ta,
272 2515 327 2536 aer
342 2508 373 2536 et
385 2514 470 2545 aqua
484 2504 665 2536 volatilibus
680 2506 711 2534 et
726 2504 873 2543 piscibus3
887 2506 991 2541 sexta,

219 2561 304 2590 terra
331 2558 523 2589 animalibus
552 2560 582 2589 et
614 2558 799 2589 hominibus
822 2569 829 2595 3
860 2558 993 2597 septima

218 2621 297 2643 vero
310 2612 360 2643 die
381 2611 540 2652 requievit
565 2611 665 2649 Deus,
686 2620 751 2641 non
772 2620 791 2641 a
810 2610 917 2641 labore
936 2620 994 2641 nec

219 2674 331 2705 opere,
347 2673 419 2696 cum
435 2673 537 2705 usque
551 2673 638 2696 nunc
650 2666 813 2704 operetur,
830 2664 884 2694 sed
900 2673 918 2694 a
933 2673 991 2694 no-

251 2728 258 2744 ¹
272 2728 344 2757 Gen„
358 2733 377 2758 1,
393 2729 399 2750 1
419 2728 509 2757 etseq.

1757 251 1816 280 259

1041 319 1158 342 varum
1180 311 1357 351 specierum
1379 313 1560 346 conditione
1580 326 1588 346 z
1610 315 1687 357 quia
1709 316 1818 348 omnia

1041 365 1172 403 fecerat,
1190 364 1239 395 vel
1260 364 1292 396 in
1312 365 1424 405 simili,
1440 367 1520 398 sicut
1533 368 1587 399 illa
1605 378 1679 410 quae
1699 378 1817 410 propa-

1043 420 1182 457 gantur,
1199 417 1250 448 vel
1273 417 1306 448 in
1328 419 1473 450 seminali
1497 421 1634 459 ratione⁷
1660 423 1741 453 sicut
1764 423 1818 454 illa

1043 480 1115 512 quae
1130 471 1200 503 aliis
1217 472 1318 503 mozlis
1333 472 1582 506 introducuntur
1595 476 1629 506 in
1645 486 1724 508 esse.

1084 525 1174 557 Ratio
1188 527 1295 557 autem
1315 526 1355 557 ad
1381 527 1626 568 intelligentiam
1649 530 1818 570 praedicto-

1043 589 1117 611 rum
1131 580 1202 611 haec
1216 583 1280 611 est:
1294 581 1370 620 quia
1381 581 1467 612 enim
1479 592 1529 613 res
1544 585 1819 625 manantaprimo

1045 633 1217 674 principio,
1239 637 1269 665 et
1289 635 1533 674 perfectissimo,
1561 637 1622 668 tale
1643 640 1751 669 autem
1774 641 1821 669 est

1044 686 1405 727 omnipotentissimum,
1423 689 1694 729 sapientissimum
1717 694 1748 722 et
1763 691 1820 722 be-

1044 740 1340 771 nevolentissimum
1369 752 1374 772 z
1400 741 1471 772 ideo
1499 744 1639 782 oportuit
1664 745 1748 784 quod
1776 745 1821 775 sic

1044 793 1298 833 producerentur
1313 794 1345 824 in
1360 804 1427 825 esse
1438 820 1445 833 ‚
1463 798 1499 826 ut
1512 796 1546 826 in
1560 806 1670 828 earum
1686 799 1821 838 produc-

1043 846 1130 877 tione
1145 846 1301 878 reluceret
1315 847 1430 888 triplex
1444 849 1592 880 nobilitas
1607 851 1774 890 praedicta,
1790 855 1822 883 et

1045 899 1242 930 excellentia.
1268 900 1306 931 Et
1328 901 1396 932 ideo
1419 902 1572 934 triformis
1598 904 1659 935 fnit
1680 906 1821 946 operatio

1045 953 1153 984 divina
1168 953 1207 984 ad
1225 954 1420 985 mundanam
1436 957 1620 988 machinam
1642 959 1819 998 producen-

1045 1006 1117 1037 dam
1136 1019 1142 1038 :
1160 1007 1277 1038 scilieet
1292 1008 1425 1045 creatio,
1443 1018 1516 1048 quae
1530 1013 1734 1052 appropriate
1754 1023 1820 1045 res-

1045 1060 1162 1099 pondet
1188 1061 1452 1101 omnipotentiae3
1477 1063 1636 1096 distinctio
1657 1075 1730 1106 quae
1752 1076 1819 1098 res-

1046 1113 1162 1153 pondet
1181 1114 1366 1154 sapientiae3
1390 1122 1521 1147 ornatus
1538 1142 1545 1156 ‚
1573 1118 1628 1158 qui
1654 1121 1822 1159 respondet

1044 1166 1178 1197 bonitati
1193 1167 1396 1206 largissimae.
1414 1169 1452 1200 Et
1467 1172 1618 1210 quoniam
1642 1174 1759 1204 creatio
1774 1176 1821 1205 est

1045 1220 1083 1250 de
1104 1220 1222 1259 nihilo,
1247 1222 1315 1252 ideo
1341 1222 1402 1252 fuit
1425 1224 1454 1253 In
1478 1225 1633 1265 principio
1657 1229 1731 1258 ante
1751 1237 1819 1258 om-

1014 1288 1023 1294 ·
1045 1283 1119 1304 nem
1132 1274 1215 1304 dien]
1226 1298 1233 1311 ‚
1247 1277 1400 1316 tanquam
1411 1278 1559 1308 omnium
1576 1288 1686 1310 rerum
1702 1283 1732 1311 ut
1747 1284 1823 1312 tem-

1045 1336 1160 1367 porum
1177 1328 1436 1361 fundamentum.

1086 1381 1226 1418 Rursus,
1244 1383 1319 1422 quia
1339 1384 1496 1415 distinctio
1520 1395 1691 1426 corporum
1711 1390 1821 1420 mundi
1843 1400 1859 1420 n

1045 1435 1222 1465 attenditur
1233 1437 1409 1467 secundum
1420 1438 1578 1478 triplicem
1594 1442 1738 1480 modum,
1750 1443 1821 1475 ideo

1045 1488 1125 1518 sacta
1152 1488 1211 1519 fuit
1232 1498 1288 1529 per
1307 1490 1460 1522 triduum.
1479 1491 1533 1523 Est
1553 1494 1638 1524 enlm
1662 1496 1820 1528 distinctio
1850 1502 1883 1514 ¹¹³*
1918 1502 1922 1514 ¹

1044 1544 1169 1572 naturae
1185 1541 1352 1574 luminosae
1371 1554 1389 1574 a
1414 1547 1579 1585 perspicua
1601 1551 1632 1578 et
1656 1558 1754 1589 opaca
1767 1574 1774 1587 ,
1789 1554 1821 1581 et

1044 1595 1113 1626 haec
1131 1596 1211 1627 sacta
1226 1599 1272 1627 est
1286 1596 1318 1627 in
1334 1598 1436 1637 prima
1453 1599 1502 1630 die
1521 1600 1554 1631 in
1571 1601 1726 1634 divisione
1741 1603 1819 1634 lucis

1045 1659 1063 1679 a
1079 1650 1232 1687 tenebris;
1248 1652 1278 1681 et
1299 1653 1345 1681 est
1369 1652 1525 1684 distinctio
1548 1657 1671 1686 naturae
1694 1658 1819 1697 perspi-

1045 1711 1114 1733 cuae
1133 1712 1152 1733 a
1172 1704 1355 1743 perspicua,
1380 1707 1411 1735 et
1435 1705 1505 1737 haec
1527 1707 1606 1738 facta
1622 1711 1668 1739 est
1683 1711 1820 1742 secunda

1044 1756 1094 1786 die
1114 1756 1147 1786 in
1167 1756 1325 1788 divisione
1347 1767 1506 1798 aquarum
1530 1761 1569 1791 ab
1593 1762 1703 1802 aquis;
1720 1766 1751 1794 et
1773 1768 1821 1796 est

1044 1809 1202 1840 distinctio
1226 1813 1350 1842 naturae
1378 1813 1554 1853 perspieuae
1582 1815 1621 1845 ab
1648 1826 1764 1856 opaca,
1789 1821 1820 1850 et

1044 1863 1114 1894 haec
1130 1865 1210 1895 facta
1226 1866 1273 1895 est
1295 1865 1387 1896 tertia
1409 1866 1459 1897 die
1482 1867 1515 1898 in
1539 1868 1693 1900 divisione
1717 1880 1820 1910 aqua—

1044 1926 1117 1947 rum
1133 1927 1151 1947 a
1166 1918 1269 1948 terris.
1294 1918 1329 1948 ln
1351 1919 1402 1949 his
1423 1922 1530 1951 autem
1555 1921 1706 1962 implicite
1727 1925 1821 1955 datur

1044 1970 1183 2009 intelligi
1209 1971 1366 2002 distinctio
1390 1972 1565 2004 coelestium
1588 1977 1619 2005 et
1644 1977 1820 2008 clementa-

1043 2024 1129 2055 rium
1146 2048 1155 2062 ,
1182 2025 1357 2056 secundum
1387 2027 1471 2066 quod
1500 2030 1570 2067 post
1596 2028 1816 2063 declarabitur.

1045 2077 1096 2108 Sic
1109 2077 1209 2117 igitur
1219 2078 1376 2110 distinctio
1389 2080 1457 2110 fieri
1468 2080 1578 2111 debuit
1593 2092 1648 2121 per
1663 2084 1818 2116 triduum.

1084 2131 1122 2162 Et
1137 2132 1212 2171 quia
1227 2135 1358 2163 ornatus
1373 2136 1598 2174 correspondet
1613 2136 1818 2177 distinctioni,

1044 2185 1115 2216 ideo
1130 2186 1275 2217 similiter
1291 2187 1392 2217 tribus
1413 2189 1525 2219 diebus
1540 2190 1648 2221 debuit
1666 2201 1819 2224 consum-

1046 2239 1137 2268 mari.
1162 2238 1216 2269 Est
1231 2239 1317 2269 enim
1333 2243 1464 2271 ornatus
1480 2244 1605 2273 naturae
1630 2243 1797 2277 Iuminosm
1810 2271 1819 2285 ,

1046 2293 1077 2321 et
1098 2291 1150 2321 bic
1180 2292 1280 2322 factus
1301 2295 1348 2322 est
1369 2297 1481 2332 quarta
1505 2295 1554 2325 die
1575 2296 1608 2326 in
1634 2297 1822 2331 formatione

1046 2344 1228 2380 stellarum,
1246 2348 1276 2375 et
1300 2346 1374 2376 solis
1386 2370 1393 2382 ,
1411 2349 1441 2377 et
1455 2347 1539 2378 luna}
1550 2359 1557 2385 ;
1576 2351 1606 2379 et
1622 2352 1668 2381 est
1690 2357 1822 2384 ornatus

1046 2400 1170 2428 naturae
1186 2399 1363 2438 perspicuae
1376 2424 1384 2437 ,
1404 2402 1435 2430 et
1456 2400 1507 2431 hic
1528 2401 1629 2433 sactus
1650 2406 1696 2434 est
1712 2406 1823 2445 quinta

1843 2145 1933 2165 Ornatus

1837 2184 1864 2197 un
1876 2178 1940 2197 versi.

1047 2452 1114 2489 die,
1132 2452 1164 2482 in
1181 2461 1244 2492 qua
1256 2462 1296 2483 ex
1311 2453 1401 2492 aquis
1417 2454 1490 2484 fat-ti
1503 2457 1578 2486 sunt
1590 2457 1690 2496 pisces
1705 2462 1735 2489 et
1749 2450 1839 2491 aves*

1047 2504 1086 2535 ad
1101 2508 1252 2536 ornatum
1266 2507 1348 2536 aeris
1363 2509 1393 2537 ct
1405 2517 1514 2547 aquae3
1528 2511 1558 2539 et
1569 2513 1615 2540 est
1625 2516 1757 2544 ornatus
1772 2524 1824 2545 na-

1048 2560 1130 2589 turae
1145 2568 1267 2599 opacae,
1289 2561 1404 2591 scilicet
1424 2564 1535 2601 terrae,
1552 2566 1582 2594 et
1598 2565 1647 2595 hic
1663 2566 1763 2598 factus
1778 2572 1824 2599 est

1049 2614 1137 2642 sexta
1156 2613 1221 2650 die⁷
1247 2613 1281 2644 in
1302 2623 1366 2653 qua
1385 2614 1474 2646 sactae
1497 2619 1571 2647 sunt
1592 2618 1720 2658 bestiae,
1745 2621 1823 2652 sacta

1049 2667 1124 2695 sunt
1148 2668 1179 2696 et
1199 2667 1338 2706 reptilia,
1354 2668 1434 2698 facta
1448 2672 1495 2700 est
1509 2670 1605 2701 etiam
1627 2673 1665 2703 ad
1678 2683 1825 2706 consum—

1050 2719 1222 2749 mationem
1248 2721 1395 2751 omnium
1427 2724 1542 2753 natura
1568 2724 1720 2756 humana.
1751 2727 1824 2759 Han·
