2003 3037
681 203 732 236 DE
753 202 944 235 MEDICINA
967 201 1290 235 SACRAMENTALI.

175 271 336 312 expressio
347 271 460 304 formae
474 271 592 304 vocalis
606 280 626 302 a
639 270 774 302 Domino
786 271 952 309 institutae,

67 330 147 365 raupa
175 333 249 364 quae
273 326 321 356 est
342 324 412 357 haec
436 336 443 357 :
469 325 535 366 qu
559 327 588 358 te
607 324 736 364 baptizo
763 325 801 357 in
825 324 954 357 nomine

66 360 147 412 bffitif&
175 377 304 417 Patris,
326 382 358 412 et
375 379 473 417 Filii,
489 381 518 412 ei
534 378 677 419 Spiritus
689 379 808 416 sancti,
827 378 928 410 Amen
945 387 953 409 ε

175 431 296 472 absque
312 432 483 464 omissione
497 432 665 471 vocabuli,
681 433 713 463 et
729 432 798 463 sine
812 432 956 472 interpo-

175 484 289 517 sitione
312 485 458 517 vocabuli
484 495 492 516 z
518 485 639 526 absque
674 485 955 526 praeposteratione

175 538 296 570 ordinis
328 538 511 580 supradicti,
540 540 572 570 et
600 539 669 570 sine
704 539 955 570 commutatione

175 592 316 624 nominis
337 592 518 633 praenotati.
545 592 729 633 Requiritnr
753 593 847 624 etiam
870 601 954 623 mer-

175 645 237 684 sio,
260 645 312 678 vel
335 645 477 684 ablutio,
503 655 562 686 per
584 646 778 678 elementum
803 656 897 686 aquae
922 646 956 676 in

177 701 241 730 toto
255 708 404 740 corpore,
420 699 473 731 vel
494 699 606 731 saltem
630 701 663 731 in
682 700 823 740 digniori
846 702 954 740 parte:

175 752 219 783 ita
236 752 319 792 quod
345 753 507 794 expressio
524 756 554 784 et
576 754 693 785 mersio
717 754 772 784 fiat
787 755 827 785 ab
847 763 911 785 uno
927 757 958 785 et

174 805 303 844 eodem,
321 808 352 837 et
375 806 410 838 in
430 807 542 838 eodem
563 810 706 848 tempore
725 817 732 838 :
750 809 866 848 quibus
881 818 957 839 con-

175 859 395 898 currentibus,
413 861 439 891 si
454 869 519 892 non
535 861 576 892 sit
597 861 683 892 fictio
699 862 733 892 in
751 862 955 902 Implizando,

175 913 270 944 datur
288 913 316 944 ei
332 914 437 953 gratia
450 923 658 954 regenerans,
675 917 706 946 et
720 916 908 955 rectificans⁷
927 919 958 947 et

175 967 350 1006 purificans
369 968 410 998 ab
423 969 510 999 omni
525 968 628 1008 culpa.
645 969 735 1006 Quod
750 971 787 1000 ut
797 970 957 1000 efficacius

176 1021 251 1059 fiat,
280 1021 493 1052 catechismus
518 1023 551 1052 et
577 1022 774 1053 exorcismus
802 1025 956 1063 tanquam

176 1074 395 1113 praeparatorii
411 1075 654 1114 praemittuntur
669 1078 734 1106 tam
753 1076 785 1106 iu
801 1076 955 1116 parvulis,

176 1136 274 1167 quam
289 1128 320 1158 in
340 1127 473 1166 adultis;
488 1129 532 1159 ita
547 1131 671 1168 tamen,
692 1130 777 1169 quod
794 1130 824 1160 in
842 1131 958 1161 adultis

175 1181 350 1221 requiritur
364 1181 442 1213 fides
464 1183 609 1222 propria,
627 1183 661 1213 in
679 1183 824 1223 parvulis
839 1185 959 1215 sufficit

175 1234 254 1265 fides
269 1234 383 1266 aliena.

217 1287 308 1319 Ratio
326 1290 434 1319 autem
459 1289 497 1319 ad
519 1289 764 1329 intelligentiam
791 1291 956 1331 praedicto-

176 1350 250 1372 rum
265 1342 336 1373 haee
346 1344 393 1373 est
407 1353 414 1373 ε
431 1343 506 1383 quia
518 1352 593 1374 cum
604 1344 801 1384 principium
812 1347 957 1376 nostrum

177 1396 413 1436 reparativum,
431 1396 573 1428 Verbum
597 1397 714 1428 scilicet
736 1398 958 1437 incarnatum,

176 1450 330 1489 tanquam
358 1446 623 1490 perfectissimum
659 1454 690 1482 et
723 1452 958 1483 sufficientissi—

177 1512 268 1533 mum
291 1504 507 1544 principium,
535 1514 684 1545 reparare
711 1506 828 1536 babeat
857 1515 960 1545 genus

175 1557 357 1589 humanum
390 1567 447 1598 per
478 1559 712 1590 medicamenta
743 1563 959 1590 sacramento-

176 1620 261 1649 rum,
269 1611 313 1642 ita
321 1612 407 1652 quod
418 1612 499 1642 nihil
510 1613 590 1643 sitin
601 1614 646 1643 eis
656 1614 819 1653 superssun
826 1624 867 1651 111,
881 1614 960 1644 nibil

176 1664 414 1702 inordinatum⁷
451 1665 531 1695 nihil
555 1666 651 1696 etiam
674 1667 889 1705 diminutum3
917 1667 961 1697 ita

177 1717 343 1757 disponere
367 1719 493 1757 debuit,
510 1720 596 1759 quod
620 1724 856 1752 sacramentum
882 1722 959 1761 bap-

177 1771 264 1801 tismi
284 1773 315 1802 et
337 1772 399 1803 alia
419 1773 661 1812 integrarentur
683 1775 859 1806 secundum
875 1775 961 1816 quod

179 1825 331 1864 exigebat
352 1835 410 1857 sua
432 1824 551 1865 virtus,
570 1829 679 1858 nostra
696 1828 782 1859 salus
795 1853 802 1867 ,
819 1832 850 1860 et
865 1830 960 1860 etiam

61 1891 156 1912 'rrimu-
179 1881 286 1910 noster
309 1880 452 1911 morbus.
485 1880 643 1918 Quoniam
671 1890 749 1921 ergo
777 1882 879 1914 virtus
903 1893 961 1914 nos

64 1923 92 1942 ¹5³
120 1929 156 1943 ΘΧ·
178 1941 330 1972 reparans
353 1934 400 1963 est
419 1933 524 1964 virtus
544 1933 641 1963 totius
664 1932 845 1973 Trinitatis,
863 1944 960 1975 quam

73 1960 148 1974 ›PE-<510

56 1960 164 2039 ιξὲωῑὲᾚ-
179 1990 287 2018 sancta
302 1990 404 2018 mater
426 1987 564 2019 Ecclesia
584 1989 683 2019 credit
697 1989 731 2020 in
744 1990 868 2029 animo,
885 2000 959 2022 con-

56 2049 162 2070 cessam.
178 2042 286 2073 fitetur
308 2042 341 2073 in
366 2042 482 2080 verbo,
509 2045 540 2073 et
553 2043 721 2082 profitetur
741 2044 774 2074 in
793 2045 886 2084 signo
901 2045 960 2076 sub

179 2095 278 2126 trium
294 2104 506 2135 personarum
527 2097 745 2136 distinctione,
762 2100 794 2128 et
817 2100 960 2139 proprie-

179 2149 259 2186 tate,
284 2149 412 2186 ordine,
441 2151 472 2180 et
490 2149 615 2189 origine
629 2151 786 2189 naturali3
805 2154 852 2182 est
865 2153 961 2183 etiam

182 2201 285 2232 virtus
314 2202 469 2242 passionis
496 2202 630 2241 Christi⁷
656 2204 711 2243 qui
738 2207 903 2243 mortuus,
931 2208 962 2236 et

180 2255 325 2295 sepultus
348 2255 425 2294 suit,
440 2257 472 2286 et
491 2256 541 2286 die
563 2257 657 2287 tertia
671 2258 844 2289 resurrexit
864 2270 870 2289 :
887 2259 961 2290 hinc

180 2311 237 2348 est,
258 2309 344 2349 quod
357 2309 397 2340 ad
413 2309 533 2340 horum
549 2310 788 2350 expressionem
805 2312 839 2342 in
855 2322 959 2343 sacra-

181 2366 308 2401 mento,
335 2364 420 2403 quod
444 2364 585 2404 primum
610 2364 757 2395 omnium
780 2374 960 2397 sacramen-

180 2418 287 2447 torum
309 2419 367 2455 est,
384 2420 415 2448 et
434 2417 468 2448 in
484 2427 548 2458 quo
574 2418 679 2457 primo
701 2421 732 2448 et
746 2419 962 2459 prIncipaliter

181 2468 250 2500 haec
263 2470 367 2502 virtus
389 2474 556 2511 operatur,
580 2471 689 2502 debuit
710 2472 779 2502 ficri
801 2474 961 2512 expressio

183 2521 343 2554 Trinitatis
363 2525 526 2564 distincta,
546 2527 677 2566 propria
692 2528 724 2557 et
743 2527 886 2558 ordinata
901 2538 962 2559 no-

184 2575 368 2616 minatione,
382 2582 540 2619 quantum
551 2582 599 2611 est
612 2580 651 2611 de
665 2580 768 2611 forma
779 2582 942 2612 communi
952 2593 960 2619 ;

70 2636 156 2662 aapfis-
183 2628 255 2660 licet
269 2629 303 2660 in
316 2632 459 2671 tempore
474 2633 647 2673 primitivae
662 2633 808 2665 Ecclesiae
824 2635 963 2674 potuerit

70 2673 158 2720 ¹22¹„ssss
185 2685 251 2714 sieri
278 2686 310 2715 in
335 2687 463 2718 nomine
484 2689 616 2727 Christi,
642 2690 675 2720 in
697 2700 762 2730 quo
784 2691 962 2722 intellectus

1732 205 1790 233 319

1012 270 1171 302 clauditur
1184 271 1281 302 totius
1295 270 1468 302 Trinitatis.
1482 270 1596 303 Debuit
1610 270 1706 302 etiam
1721 271 1789 301 flvri
1815 276 1896 296 ebrini

1011 323 1141 364 propria
1159 326 1188 355 et
1207 323 1353 355 ordinata
1376 323 1553 355 nominatio
1572 323 1662 355 verbi
1677 323 1787 363 Bapti-
1806 307 1906 359 ῑῗιιιῖῗῖἐὲ.

1011 377 1132 415 ztmdi',
1153 387 1226 409 curn
1249 378 1333 408 trina
1354 378 1530 417 mersione,
1551 378 1591 409 ad
1609 377 1791 418 expressio-
1811 371 1909 421 522¹.ssss

1012 441 1087 463 nem
1103 431 1215 462 mortis
1231 431 1360 470 Christi,
1376 434 1407 462 et
1428 432 1619 472 sepnlturae,
1637 433 1668 463 et
1681 441 1788 462 resur·
1813 432 1897 452 ΝΜ·

1012 485 1162 517 rectionis
1184 487 1255 526 post
1277 485 1421 517 triduum
1442 486 1549 524 factae,
1571 487 1730 526 quantum
1745 487 1793 516 cst

1013 538 1051 569 de
1081 539 1294 578 congruitate.
1330 537 1367 569 Et
1402 538 1478 578 quia
1513 538 1608 569 simul
1643 541 1794 578 operatur

1014 594 1153 632 utraque
1168 593 1287 630 virtus⁷
1303 595 1334 623 et
1348 592 1382 622 in
1397 602 1462 623 uno
1477 592 1599 623 Christo
1616 591 1791 631 Salvatorc,

1014 648 1191 687 utrumque
1205 647 1324 677 horum
1341 646 1433 677 debet
1457 646 1526 677 ficri
1547 647 1587 677 ab
1606 656 1671 678 uno
1692 648 1724 677 61
1739 655 1792 677 co-

1014 700 1087 732 dem
1103 700 1218 739 simul,
1235 702 1265 731 et
1280 700 1391 731 eodem
1410 702 1567 740 tempore,
1585 702 1714 740 propter
1727 709 1793 730 ser-

1014 754 1153 785 vandam
1171 755 1329 785 unitatem
1351 754 1383 784 iu
1407 756 1622 793 sacramento,
1645 756 1676 785 et
1691 753 1792 794 signi-

1014 808 1172 838 ficandam
1189 808 1346 839 unitatem
1359 807 1393 838 in
1408 809 1518 838 nostro
1533 806 1716 838 Mediatore.

1055 861 1195 900 Rursus,
1218 861 1371 901 quoniam
1391 861 1476 892 salus
1491 862 1599 892 nostra
1614 861 1797 901 requirebat

1016 915 1159 946 inchoari
1174 924 1231 955 por
1246 915 1534 955 regenerationem,
1550 924 1605 946 seu
1620 915 1794 945 renovatio-

1015 978 1089 999 nem
1111 969 1144 999 in
1167 978 1234 999 esse
1259 969 1372 1008 gratiae
1387 993 1394 1006 ‚
1420 969 1610 1000 conferentis
1634 968 1797 1008 spirituale

1015 1031 1100 1060 osse,
1118 1022 1330 1062 abstergendo
1348 1022 1603 1060 immunditiam,
1621 1022 1796 1061 effugando

1015 1076 1177 1112 tenebras,
1198 1078 1228 1106 et
1247 1076 1469 1115 refrigerando
1489 1075 1794 1116 concupiscentiam,

1015 1138 1088 1169 quae
1108 1129 1331 1160 universaliter
1356 1129 1523 1159 labefactat
1539 1138 1668 1159 omnem
1690 1129 1794 1159 homi-

1018 1192 1091 1213 nem
1116 1183 1357 1214 descendentem
1382 1181 1578 1213 seminaliter
1600 1183 1639 1212 ab
1668 1182 1792 1213 Adam:

1016 1237 1089 1267 binc
1105 1238 1167 1274 est,
1185 1237 1268 1276 quod
1283 1238 1518 1267 sacramentum
1538 1236 1693 1276 primum,
1711 1237 1796 1277 quod

1016 1293 1062 1322 est
1078 1291 1337 1330 regenerativum
1349 1315 1356 1327 ‚
1377 1290 1486 1321 debuit
1500 1290 1570 1320 fieri
1586 1290 1618 1320 in
1641 1290 1796 1321 elemento

1016 1345 1101 1385 quod
1133 1345 1266 1375 haberet
1299 1344 1553 1375 conformitatem
1585 1353 1625 1375 ex
1658 1345 1796 1375 naturali

1017 1399 1296 1439 repraesentatione
1312 1399 1352 1429 ad
1371 1398 1529 1438 triplicem
1549 1398 1697 1429 effectum
1711 1407 1794 1438 prae-

1016 1454 1135 1484 dictum
1159 1454 1273 1493 gratiae
1295 1453 1474 1484 inchoantis
1490 1455 1631 1484 nostram
1648 1453 1793 1483 salutem.

1017 1507 1174 1544 Quoniam
1191 1516 1270 1545 crgo
1296 1516 1379 1546 aqua
1402 1516 1460 1536 sua
1481 1507 1617 1546 puritate
1641 1506 1793 1544 mundat,
1811 1514 1917 1548 cuv-mp-

1017 1571 1074 1591 sua
1090 1561 1264 1601 pervictatc
1282 1570 1337 1591 seu
1357 1560 1589 1600 ‹liapbaneitate
1605 1560 1735 1590 luminis
1750 1562 1796 1590 est
1810 1547 1918 1601 {¹q2fgff,

1016 1615 1163 1654 delativa⁷
1190 1625 1248 1646 sua
1269 1615 1444 1654 frigiditate
1468 1614 1648 1654 refrigerat,
1673 1617 1703 1646 et
1728 1624 1794 1645 ma-

1017 1670 1105 1700 xime
1127 1670 1307 1701 communis
1331 1672 1378 1701 est
1408 1670 1558 1700 omnibus
1582 1669 1665 1700 inter
1690 1669 1798 1700 omnia

1017 1724 1136 1764 liquida
1156 1735 1162 1756 :
1180 1724 1255 1755 hinc
1269 1726 1333 1762 est,
1350 1724 1435 1764 quod
1456 1725 1692 1754 sacramentum
1707 1728 1799 1763 rege-

1016 1778 1191 1809 nerationis
1211 1780 1328 1809 nostrae
1344 1778 1451 1818 pertici
1472 1777 1580 1808 debuit
1594 1778 1628 1808 in
1643 1777 1799 1809 elemento

1017 1841 1111 1872 aquae
1131 1832 1369 1870 indifferentem
1391 1832 1467 1872 quia
1490 1831 1594 1862 omnis
1613 1841 1697 1872 aqua
1713 1832 1800 1862 omni

1016 1895 1109 1926 aquae
1125 1887 1172 1916 est
1191 1886 1302 1916 eadem
1322 1886 1443 1925 specie,
1460 1888 1489 1916 et
1512 1886 1606 1915 etiam
1630 1894 1671 1916 ne
1686 1885 1800 1925 aliquis

1017 1942 1146 1979 propter
1156 1940 1315 1970 defectum
1329 1939 1478 1970 elementi
1493 1939 1673 1978 periculum
1689 1938 1800 1969 salutis

1016 1993 1180 2024 incurrere
1194 1995 1310 2033 posset.

1058 2046 1232 2084 Postremo⁷
1244 2047 1397 2087 quoniam
1413 2047 1544 2078 morbus
1556 2049 1675 2085 noster,
1689 2049 1799 2078 contra

1017 2110 1115 2141 quem
1132 2101 1347 2141 principaliter
1368 2103 1415 2132 est
1430 2102 1618 2142 baptismus,
1637 2103 1685 2132 est
1699 2102 1797 2141 origi-

1017 2154 1087 2185 nale
1114 2157 1292 2194 peccatum,
1318 2155 1403 2194 qnod
1429 2155 1571 2186 animam
1601 2156 1706 2195 privat
1732 2155 1799 2186 vita

1019 2208 1150 2246 gratiae,
1182 2209 1213 2238 et
1244 2208 1390 2239 omnium
1420 2208 1578 2239 virtutum
1610 2208 1799 2239 rectitudine

1017 2260 1215 2299 habilitanffl,
1232 2263 1262 2291 et
1277 2270 1415 2301 pronum
1431 2262 1572 2301 quodam
1588 2262 1683 2293 niodo
1696 2263 1799 2293 reddit

1017 2314 1054 2344 ad
1069 2323 1164 2345 omne
1179 2324 1282 2354 genus
1293 2315 1407 2355 culpae,
1421 2317 1450 2345 et
1463 2315 1643 2346 traducitur
1655 2315 1795 2353 aliunde,

1017 2369 1048 2397 et
1062 2368 1236 2407 parvulum
1258 2368 1331 2398 facit
1346 2368 1643 2408 concupiscibilem,
1665 2371 1695 2399 et
1710 2369 1798 2400 adul-

1018 2424 1087 2452 tum
1110 2424 1183 2452 actu
1199 2423 1491 2462 concupiscentem,
1515 2423 1633 2461 redigit
1653 2423 1748 2453 etiam
1765 2420 1798 2453 in

1018 2475 1205 2506 diabolicam
1240 2476 1428 2507 servitutem
1444 2501 1452 2514 ,
1481 2479 1510 2507 et
1548 2477 1581 2506 in
1609 2479 1796 2516 potestatem

1018 2529 1168 2569 principis
1195 2530 1424 2561 tenebrarum:
1456 2531 1533 2561 hinc
1561 2533 1623 2569 est,
1648 2531 1734 2570 quod
1758 2531 1796 2561 ad

1018 2583 1094 2621 1106,
1112 2585 1194 2624 quod
1217 2595 1273 2625 per
1296 2585 1375 2616 illud
1391 2588 1627 2616 sacramentnm
1647 2595 1704 2625 per
1722 2594 1797 2615 6011-
1812 2596 1846 2646 1⁴¹⁰
1857 2595 1908 2645 1η1ρ-4

1821 2633 1875 2646 lS-'IIO
1891 2632 1919 2646 Pl-

1018 2637 1153 2668 trarium
1170 2638 1329 2669 sufficiens
1344 2639 1532 2670 adhibeatur
1549 2640 1680 2670 remedii
1696 2639 1794 2670 medi-
1811 2657 1860 2683 lm
1871 2663 1919 2683 gm-

1018 2696 1216 2730 eumenium⁷
1249 2694 1400 2732 congruit
1430 2694 1463 2724 in
1497 2702 1533 2723 eo
1561 2693 1628 2724 dari
1658 2694 1796 2732 gratiam
1812 2688 1918 2709 undatur.
