2003 3037
711 237 760 270 DE
782 237 828 270 CO
833 237 1042 271 RRUPTELA
1063 237 1238 271 PECCATI.

437 353 596 388 CAPUT
627 353 690 387 IX.

179 442 217 470 De
235 442 341 477 origine
359 442 383 468 et
401 439 572 467 distinctione
589 439 753 474 capitalium
770 441 949 474 peccatorum.

219 521 452 562 consequenter
466 519 720 551 descendendum
734 520 781 550 est
793 518 832 550 ad
846 520 951 550 ortum

177 576 380 615 peccatorum
392 573 426 604 in
439 573 567 613 speciali
583 583 591 604 :
607 573 689 604 inter
703 581 788 613 quae,
803 572 952 612 quaedam

177 629 251 658 sunt
276 627 435 667 capitalia,
459 626 607 667 quaedam
629 625 776 666 poenalia,
804 625 952 666 quaedam

177 681 295 718 finalia,
310 680 377 711 sive
388 679 618 711 irremissibilia
630 690 637 710 ε
651 679 743 719 quasi
758 679 872 719 prima,
890 687 953 710 me-

176 733 238 771 dia,
253 735 285 764 et
299 735 467 774 postrema.
485 732 571 764 Circa
585 735 692 764 ortum
713 741 790 764 vero
810 734 951 773 peccato-

176 794 249 818 rum
270 787 463 827 capitalium,
490 787 550 818 hoc
572 789 619 818 est
639 787 673 817 in
695 796 822 818 summa
842 789 954 818 tenen-

177 839 266 878 dum,
283 840 429 872 videlicet
440 840 526 880 quod
542 842 743 880 peccatorum
759 840 932 871 actualium
943 865 951 879 ,

177 903 279 924 unum
302 895 348 924 est
361 893 506 932 initium,
523 893 639 934 duplex
655 893 764 932 radix,
784 894 898 934 triplex
910 894 954 924 fo-

177 949 334 985 mentum,
349 947 531 987 septiforme
543 949 648 987 caput,
662 947 729 978 sive
740 946 871 987 capitale
886 956 954 987 pec-

177 1002 296 1031 catum.
314 999 430 1038 Unum,
447 1001 590 1040 inquam,
603 1002 651 1031 est
666 999 798 1040 capitale
811 999 952 1039 initium,

177 1053 296 1084 scilicet
305 1053 464 1094 superbia,
471 1055 566 1094 Juxta
573 1053 658 1094 quod
669 1053 744 1084 dicit
752 1053 918 1093 Scriptura
926 1055 934 1071 ¹
944 1065 950 1085 :

177 1107 315 1139 Initium
330 1108 435 1139 omnis
447 1108 571 1147 peccati
584 1107 745 1147 superbia.
763 1106 886 1147 Duplex
899 1116 951 1138 ra-

178 1161 244 1200 dix,
261 1161 380 1193 scilicet
395 1161 490 1192 timor
513 1161 596 1192 male
616 1161 801 1199 humilians,
819 1163 850 1192 et
863 1170 954 1192 amor

180 1214 263 1246 male
277 1215 451 1246 accendens
472 1216 525 1255 (a).
542 1214 670 1254 Triplex
691 1215 866 1245 fomentum
877 1239 885 1253 ,
903 1223 951 1245 se-

178 1268 320 1300 cundum
340 1268 402 1299 tria
416 1277 489 1308 quae
504 1269 578 1298 sunt
594 1268 626 1298 in
646 1268 766 1298 mundo
783 1278 790 1298 :
814 1268 930 1299 scilicet
943 1269 954 1285 ²

178 1322 437 1362 concupiscentia
448 1322 569 1360 carnis,
585 1321 838 1361 concupiscentia
853 1321 952 1353 oculo-

178 1383 262 1414 rum,
284 1378 312 1408 et
328 1375 475 1415 superbia
495 1375 581 1406 vitoe.
599 1374 787 1414 septiforme
802 1383 878 1405 vero
901 1383 954 1405 ca·-

178 1431 246 1470 put,
262 1429 379 1459 scilicet
402 1428 568 1468 superbia,
593 1427 729 1466 invidia,
753 1427 812 1465 ira,
839 1427 952 1466 acidia,

178 1482 322 1520 avaritia,
338 1482 418 1521 gula
436 1483 467 1512 et
480 1481 610 1512 luxuria
626 1491 632 1511 :
650 1481 732 1511 iuter
745 1489 830 1521 quae,
856 1481 951 1520 quin-

178 1545 241 1576 que
269 1535 480 1576 praecedentia
502 1536 576 1565 sunt
604 1535 730 1574 peccata
753 1534 951 1574 spiritualia;

177 1588 241 1620 duo
255 1598 332 1620 vero
344 1589 456 1620 ultima
467 1591 542 1620 sunt
555 1588 704 1620 carnalia.

217 1641 309 1673 Ratio
322 1644 431 1673 autem
442 1642 481 1673 ad
496 1641 743 1681 intelligentiam
754 1641 872 1672 horum
883 1641 953 1673 haec

177 1698 242 1726 est:
260 1696 336 1735 quia
352 1704 425 1726 cum
441 1697 605 1735 peccatum
621 1694 753 1725 mortale
768 1694 807 1725 sit
821 1695 953 1726 actualis

177 1757 195 1779 a
209 1748 313 1788 primo
333 1748 488 1788 principio
502 1756 644 1779 recessus
652 1759 659 1785 ;
687 1756 830 1778 recessus
844 1750 952 1779 autem

176 1811 195 1833 a
209 1802 314 1842 primo
337 1802 493 1842 principio
512 1810 575 1832 non
603 1803 705 1841 potest
724 1809 791 1832 esse
814 1801 875 1831 nisi
896 1810 953 1841 per

177 1856 393 1895 contemptum
408 1855 518 1895 ipsius,
535 1854 587 1886 vel
600 1854 634 1885 in
649 1854 761 1894 seipso,
778 1854 828 1886 vel
843 1855 877 1885 in
892 1864 951 1886 suo

178 1910 350 1949 praecepto;
368 1910 568 1948 contemptus
587 1909 695 1938 autem
718 1908 814 1948 primi
836 1909 953 1949 princi-

177 1962 231 2002 pii,
248 1971 322 1993 cum
337 1962 376 1993 sit
391 1961 558 2002 superbia:
575 1970 703 1992 necesse
722 1964 770 1992 est
786 1963 871 2002 quod
887 1972 953 1994 om-

177 2016 227 2047 nis
242 2015 384 2047 mortalis
397 2015 515 2056 peccati
531 2015 633 2055 culpa,
650 2016 719 2047 sive
738 2015 869 2055 offensa,
888 2016 952 2047 ini-

176 2070 260 2100 tium
285 2072 390 2100 sumat
412 2079 431 2100 a
453 2068 611 2109 superbia.
638 2068 718 2106 Quia
745 2078 820 2101 vero
843 2070 953 2101 nullus

178 2123 352 2154 contemnit
365 2123 506 2162 primum
520 2124 550 2152 et
564 2131 730 2153 summum
746 2123 950 2163 principium,

178 2175 229 2205 vel
243 2176 270 2214 ej
277 2184 312 2205 us
326 2176 520 2214 praeceptum
532 2183 588 2214 per
598 2183 642 2213 se,
656 2175 719 2205 nisi
731 2184 787 2214 per
796 2175 856 2206 hoc
869 2176 952 2215 quod

178 2228 297 2268 aliquid
312 2228 398 2259 aliud
413 2228 452 2258 ab
466 2228 535 2268 ipso
551 2228 603 2259 vel
619 2228 689 2259 vult
703 2229 877 2268 acquirere,
901 2230 953 2261 vel

178 2282 268 2312 timet
287 2281 419 2321 perdere
438 2292 445 2311 z
467 2281 543 2312 hinc
566 2283 623 2319 est,
648 2282 734 2321 quod
758 2291 884 2313 necesse
906 2285 954 2314 est

178 2344 273 2366 omne
288 2336 453 2375 peccatum
475 2334 597 2365 actuale
620 2335 780 2374 originem
795 2336 920 2367 trahere
935 2346 953 2368 a

178 2388 295 2429 duplici
318 2388 438 2425 radice,
463 2388 579 2418 scilicet
604 2389 735 2427 timore,
763 2391 793 2420 et
813 2398 922 2421 amore
944 2401 951 2421 :

179 2442 235 2482 qui
259 2441 378 2472 radices
398 2442 474 2471 sunt
495 2441 672 2480 malorum,
690 2442 763 2473 licet
784 2452 847 2473 non
863 2453 953 2484 aeque

180 2495 302 2535 primae.
325 2494 406 2526 Nam
428 2495 532 2525 omnis
553 2495 650 2526 timor
670 2498 776 2527 ortum
796 2496 892 2528 habet
913 2498 952 2529 ab

180 2556 308 2579 amore:
329 2547 438 2578 nullus
459 2548 546 2578 enim
561 2548 650 2578 timet
673 2549 792 2589 aliquid
808 2550 950 2590 perdere,

181 2601 241 2631 nisi
257 2601 332 2640 quia
346 2602 432 2631 amat
452 2600 533 2631 illud
552 2601 670 2632 habere
686 2611 694 2632 ι
710 2604 741 2633 et
761 2603 830 2634 ideo
846 2612 902 2643 per
915 2613 952 2635 ea

217 2673 221 2685 ¹
238 2671 327 2702 Eccli„
341 2677 368 2701 x,
387 2672 465 2695 15.—
479 2672 487 2685 2
502 2672 512 2695 1
526 2671 608 2704 Joan„
624 2679 652 2703 11,
672 2675 708 2698 16.

214 2715 248 2746 (α)
262 2716 322 2741 Coet.
334 2715 395 2740 edit.
410 2716 545 2741 accedens.

1720 244 1780 275 2⁷9

1006 304 1102 337 habet
1113 305 1212 337 foveri
1223 306 1330 345 timor,
1341 315 1398 347 per
1408 315 1482 348 quae
1492 307 1618 339 fovetur
1632 309 1664 339 et
1675 316 1779 341 amor.

1006 357 1106 389 Amor
1117 361 1224 390 autem
1239 360 1404 392 inordatus
1417 363 1465 392 est
1478 363 1623 401 respectu
1637 369 1781 394 commu-

1006 411 1110 443 tabilis
1135 412 1221 443 boni.
1247 411 1272 444 E
1295 413 1446 453 quoniam
1470 414 1546 446 illud
1572 416 1620 446 est
1644 415 1777 456 triplex,

1007 464 1125 496 scilicet
1135 465 1280 504 interius,
1296 466 1497 506 excellentia;
1513 468 1665 506 exterius,
1682 478 1781 509 pecu-

1007 519 1075 557 nia;
1090 519 1236 558 inferius,
1248 519 1384 551 carnalis
1393 520 1523 551 lascivia
1536 531 1543 552 :
1555 520 1630 552 hinc
1639 522 1781 562 estquod

1007 581 1134 604 necesse
1157 575 1204 604 est
1225 582 1293 604 esse
1313 573 1374 604 tria
1390 576 1591 614 peccatorum
1606 574 1781 606 actualium

1008 625 1156 657 radicalia
1170 626 1327 664 tomenta,
1343 635 1416 666 quae
1437 627 1582 667 superius
1601 629 1676 658 sunt
1698 637 1781 668 prae·

1008 681 1108 711 tacta:
1120 679 1158 710 ad
1175 688 1248 720 quae
1259 679 1335 711 dum
1347 680 1455 711 anima
1468 680 1646 712 inordinate
1669 681 1780 720 fertur,

1008 733 1117 765 omnia
1132 735 1258 774 peccata
1273 733 1408 765 actualia
1422 734 1580 765 oriuntur.

1048 786 1087 817 Et
1115 787 1191 827 quia
1218 787 1278 818 hoe
1307 788 1342 818 fit
1365 787 1541 819 secundum
1564 788 1781 829 septiformem

1009 840 1153 879 modum,
1170 840 1240 872 ideo
1254 842 1374 881 septem
1390 843 1464 872 sunt
1482 843 1609 881 peccata
1623 841 1779 882 capitalia,

1008 902 1049 924 ex
1071 894 1188 933 quibus
1209 896 1383 933 generatur
1404 894 1594 926 universitas
1615 895 1781 927 vitiorum.

1008 946 1163 978 Voluntas
1179 947 1263 978 enlm
1288 949 1396 978 nostra
1411 950 1466 978 aut
1483 947 1687 979 deordinatur
1708 950 1784 989 quia

1008 1000 1138 1040 appetit,
1154 1001 1238 1041 quod
1253 1010 1317 1032 non
1329 1003 1376 1032 est
1389 1001 1618 1041 appetendum;
1638 1004 1693 1033 aut
1707 1003 1784 1042 quia

1008 1054 1146 1092 refugit,
1162 1054 1248 1094 quod
1262 1063 1327 1085 non
1342 1056 1390 1085 est
1405 1054 1643 1094 refugiendum.
1662 1055 1695 1086 Si
1708 1056 1784 1096 quia

1009 1107 1128 1147 appetit
1147 1108 1232 1148 quod
1255 1116 1320 1138 non
1341 1109 1388 1138 est
1410 1107 1643 1148 appetendum,
1674 1111 1784 1149 utpote

1009 1161 1131 1191 bonum
1146 1163 1184 1192 ut
1198 1170 1295 1200 nunc,
1311 1161 1378 1192 sive
1393 1161 1631 1200 commutabile,
1649 1162 1717 1193 sive
1731 1172 1785 1203 ap-

1008 1224 1124 1255 parens
1143 1215 1265 1246 bonum
1281 1225 1288 1246 :
1305 1217 1360 1246 aut
1379 1216 1426 1246 est
1449 1214 1598 1253 interius,
1621 1217 1653 1246 et
1676 1216 1722 1247 sic
1738 1218 1785 1248 est

1009 1268 1133 1308 privata
1155 1268 1359 1306 excellentia,
1386 1277 1483 1308 quam
1507 1270 1592 1299 amat
1617 1269 1782 1309 superbia;

1009 1323 1065 1352 aut
1086 1322 1243 1361 exterius,
1270 1324 1301 1353 et
1325 1322 1369 1352 sic
1390 1324 1437 1352 est
1457 1322 1662 1358 sufficientia,
1685 1332 1784 1363 quam

1009 1377 1095 1405 amat
1116 1376 1263 1413 avaritia;
1281 1377 1337 1406 aut
1351 1375 1499 1414 inferius,
1518 1378 1549 1406 et
1564 1376 1609 1407 sic
1627 1379 1684 1407 aut
1699 1377 1784 1409 dele-

1009 1428 1138 1467 ctabile,
1163 1429 1239 1469 quia
1260 1429 1299 1460 ad
1319 1429 1593 1460 conservationem
1609 1430 1783 1470 individui,

1009 1483 1041 1512 et
1055 1482 1099 1512 sic
1109 1482 1307 1521 alimentum,
1323 1482 1409 1522 quod
1423 1484 1470 1513 est
1479 1482 1661 1514 delectabile
1676 1493 1785 1516 secun-

1009 1535 1087 1566 dum
1111 1538 1261 1575 gustum,
1279 1538 1310 1566 et
1324 1536 1484 1576 appetitur
1499 1546 1518 1567 a
1532 1537 1624 1576 gula;
1641 1539 1698 1568 aut
1711 1538 1787 1578 quia

1009 1588 1049 1619 ad
1063 1589 1339 1620 conservationem
1351 1590 1478 1629 speciei,
1495 1590 1584 1621 etsie
1599 1591 1711 1630 coitus,
1729 1592 1786 1631 qui

1009 1644 1057 1672 est
1070 1642 1262 1673 delectabilis
1279 1642 1455 1674 secundum
1479 1644 1617 1682 tactum,
1640 1645 1672 1674 et
1686 1653 1785 1685 appe-

1009 1695 1088 1725 titur
1110 1705 1129 1726 a
1149 1695 1289 1727 luxuria.
1307 1696 1338 1727 Si
1355 1698 1464 1727 autem
1487 1696 1636 1728 voluutas
1659 1697 1784 1729 deordi-

1009 1750 1105 1779 natur
1125 1749 1202 1789 quia
1218 1749 1338 1789 refugit
1361 1749 1446 1789 quod
1471 1758 1537 1780 non
1557 1752 1603 1781 est
1621 1750 1784 1790 refugien-

1009 1802 1104 1841 dum,
1121 1802 1183 1833 hoc
1203 1804 1304 1842 potest
1319 1811 1386 1833 esse
1407 1803 1582 1842 tripliciter,
1608 1804 1785 1835 secundum

1009 1856 1165 1896 triplicem
1180 1856 1313 1887 modum
1336 1856 1529 1895 refugiendi.
1545 1856 1610 1887 Aut
1629 1857 1715 1888 enim
1731 1867 1785 1889 re-

1009 1910 1094 1949 fugit
1104 1910 1280 1941 secundum
1289 1919 1476 1950 perversum
1487 1910 1673 1941 instinctum
1683 1910 1786 1950 ipsius

1009 1962 1188 2001 rationalis,
1206 1965 1236 1993 et
1253 1963 1297 1993 sic
1321 1964 1367 1993 est
1384 1962 1520 2001 invidia;
1538 1965 1594 1994 aut
1608 1964 1784 1996 secundum

1008 2016 1193 2047 instinctum
1204 2015 1368 2046 irascibilis
1369 2038 1380 2053 ,
1389 2017 1420 2046 et
1427 2015 1535 2054 sicira3
1546 2018 1602 2047 aut
1608 2017 1784 2048 secundum

1009 2069 1194 2100 instinctum
1209 2069 1474 2108 concupiscibilis,
1499 2070 1530 2099 et
1543 2069 1586 2100 sic
1602 2071 1649 2100 est
1670 2070 1780 2102 acidia.

1010 2123 1097 2154 Unde
1112 2123 1188 2162 quia
1208 2124 1346 2162 quatuor
1363 2124 1439 2153 sunt
1458 2123 1645 2163 principalia
1660 2124 1783 2164 appeti-

1009 2176 1100 2214 bilia,
1126 2178 1157 2206 et
1179 2178 1243 2206 tres
1259 2176 1360 2214 vires,
1387 2176 1563 2207 secundum
1584 2185 1723 2216 quarum
1738 2177 1782 2208 in-

1009 2229 1162 2260 stinctum
1179 2231 1226 2260 est
1240 2229 1331 2268 fuga,
1349 2229 1420 2260 ideo
1434 2231 1558 2260 tantum
1574 2231 1695 2269 septem
1709 2232 1784 2261 sunt

1010 2282 1153 2322 capitalia
1166 2284 1303 2322 peccata.
1322 2282 1462 2321 Rursus,
1479 2283 1555 2322 quia
1567 2291 1679 2314 sensus
1692 2293 1783 2324 appe-

1009 2337 1105 2368 tibilis
1130 2339 1176 2368 est
1199 2347 1273 2368 cum
1296 2337 1516 2376 delectatione,
1542 2347 1654 2369 sensus
1675 2340 1782 2370 autem

1009 2391 1057 2421 rei
1071 2391 1232 2430 fugiendae
1244 2394 1290 2423 est
1306 2400 1380 2422 cum
1394 2391 1515 2430 dolore;
1533 2391 1608 2422 binc
1624 2394 1681 2430 est,
1697 2392 1782 2432 quod

1010 2446 1149 2483 quatuor
1167 2445 1286 2475 habent
1307 2446 1511 2484 conjunctam
1536 2444 1699 2484 laetitiam,
1721 2445 1781 2476 tria

1009 2506 1086 2528 vero
1116 2498 1178 2528 alia
1205 2498 1323 2529 habent
1353 2498 1535 2537 adJunctam
1562 2498 1724 2528 tristitiam
1751 2500 1781 2528 et

1008 2560 1160 2590 poenam:
1184 2552 1292 2582 omnia
1315 2553 1422 2582 tamen
1446 2551 1595 2582 dicuntur
1618 2551 1778 2591 capitalia,

1009 2605 1084 2644 quia
1098 2604 1347 2635 deordinationes
1358 2606 1431 2635 sunt
1445 2604 1643 2645 principales,
1660 2606 1690 2634 et
1700 2604 1781 2634 mul-

1009 2660 1116 2689 tarum
1128 2658 1265 2689 aliarum
1280 2657 1555 2689 deordinationum
1570 2660 1644 2688 sunt
1659 2657 1778 2697 princi-

1009 2711 1061 2750 pia
1070 2721 1127 2742 suo
1144 2711 1238 2742 modo
1252 2710 1428 2742 influentia.
1446 2710 1533 2742 Unde
1547 2710 1616 2741 licet
1633 2710 1780 2750 quaedam

1798 802 1903 824 Deductio

1811 840 1833 855 se
1836 836 1893 862 ptem

1810 866 1889 893 capita-

1798 897 1849 917 lium
1856 903 1904 924 pcc·

1798 931 1903 950 catorum.
