2003 3037
73 1220 149 1246 Septu-

42 1251 92 1278 plex
113 1251 147 1271 iu-

41 1282 139 1309 dig-entia

43 1313 147 1334 hominis.

166 224 225 254 302

164 289 338 330 requiescet
353 294 448 327 super
462 294 534 318 eum
555 287 694 327 spiritus
709 286 855 326 Domini,
871 286 940 327 spi-

164 343 252 375 ritus
265 341 437 382 sapientiae
457 343 489 373 et
505 339 696 379 intellectus,
712 340 851 380 spiritus
866 347 941 372 con-

163 396 235 428 silii
260 398 290 428 et
317 393 553 435 fortitudini8‚
579 395 717 434 spiritus
743 394 888 426 scientiae
914 396 943 426 ct

163 449 316 490 pietatis,
338 451 370 481 et
399 447 530 488 replebit
554 455 623 480 eum
649 448 788 488 spiritus
813 447 942 479 timoris

163 503 307 535 Domini.
331 502 368 534 In
389 502 451 533 hac
475 503 584 533 autem
607 501 849 533 enumeratione
870 500 940 532 des-

163 557 326 589 cendendo
338 555 480 597 procedit
489 565 509 586 a
518 564 662 594 summo,
674 557 706 586 et
716 554 938 593 combinando,

163 614 200 642 ut
226 610 325 642 simul
354 609 540 641 ostendatur
569 609 727 640 donorum
760 608 939 648 distinctio,

163 664 335 702 connexio,
351 663 444 703 origo
459 665 490 695 et
504 662 595 694 ordo.

204 717 294 749 Ratio
313 718 421 748 autem
445 716 484 748 ad
509 715 754 756 intelligentiam
774 716 941 756 praedicto-

163 781 254 812 rum,
270 772 342 804 haec
355 773 402 802 est
417 782 424 802 :
442 770 518 812 quia
540 779 614 801 cum
634 770 828 810 principium
849 780 942 812 repa-

163 826 322 865 rativum‚
344 835 400 867 per
427 834 589 856 summam
617 823 859 863 liberalitatem,
877 834 940 856 uon

163 883 289 913 tantum
303 881 356 912 det
369 879 508 920 gratiam
521 879 559 911 ad
575 878 815 910 rectificandum
831 881 941 911 contra

162 935 364 975 obliquitates
378 934 532 964 vitiorum
547 942 603 974 per
618 933 749 964 habitus
765 933 938 973 virtutum,

162 997 277 1021 verum
289 988 385 1020 etiam
400 987 439 1019 ad
454 986 690 1027 expediendum
710 989 819 1018 contra
837 987 939 1028 impe-

163 1043 304 1074 dimenta
318 1043 571 1083 symptomatum
590 1041 630 1080 (al
655 1049 712 1081 per
732 1040 861 1071 habitus
885 1041 940 1071 do-

163 1105 279 1128 norum
293 1107 300 1134 3
318 1096 388 1127 ideo
403 1095 566 1136 purificari
581 1095 697 1125 debent
714 1094 795 1125 dona
812 1095 939 1134 gratui-

163 1152 196 1181 ta
215 1174 223 1189 ,
253 1150 429 1181 seeundum
463 1148 548 1189 quod
577 1148 792 1179 necessarium
827 1151 873 1179 est
901 1148 940 1179 ad

163 1205 376 1245 expeditionis
400 1203 634 1235 sufficientiam.
659 1201 817 1239 Quoniam
839 1203 942 1242 igitur

163 1258 270 1289 anima
283 1260 393 1289 nostra
408 1257 530 1297 indiget
545 1256 771 1296 septiformiter
785 1256 939 1296 expediri,

163 1311 238 1342 hinc
252 1314 299 1343 est
323 1311 409 1352 quod
431 1320 471 1342 ex
496 1310 670 1351 septiformi
694 1319 790 1341 causa
814 1320 941 1342 necesse

162 1366 209 1395 est
238 1364 375 1405 Spiritus
403 1364 503 1395 sancti
529 1364 611 1395 dona
638 1373 705 1395 esse
730 1364 937 1404 septiformia.

163 1419 290 1459 lndiget
317 1428 458 1460 namque
489 1419 630 1459 expediri
655 1421 764 1450 contra
788 1419 938 1449 vitiorum

162 1473 384 1513 obliquitates,
411 1475 568 1514 quantum
591 1473 629 1503 ad
653 1473 735 1503 vires
758 1472 939 1511 naturales,

754 216 1010 256 BREVILOQUII
1032 217 1133 251 PARS
1153 218 1191 251 V.

1001 295 1078 318 vero
1104 286 1228 327 indiget
1242 287 1386 328 expediri
1411 287 1446 318 in
1463 285 1608 319 veritatis
1629 286 1774 328 specula-

998 342 1101 379 tione,
1126 340 1278 373 electione
1296 343 1328 373 et
1349 340 1561 373 executione:
1582 349 1639 381 per
1653 341 1774 374 donum

999 395 1106 424 autem
1121 393 1300 426 intellectus
1314 395 1483 436 expeditur
1503 395 1542 426 ad
1565 403 1682 427 verum
1700 404 1774 436 spe-

999 446 1191 487 culandum;
1209 457 1265 489 per
1288 449 1410 480 donum
1434 448 1578 487 consilii,
1600 448 1641 480 ad
1659 457 1775 480 verum

998 499 1205 541 eligendum;
1227 511 1284 542 per
1306 502 1427 534 donum
1451 502 1612 541 scientiae,
1633 501 1674 533 ad
1696 501 1776 534 elec-

998 555 1068 585 tum
1085 556 1332 596 exequendum:
1351 565 1407 597 per
1429 556 1551 588 donum
1572 556 1659 587 enim
1673 555 1775 587 scien-

998 607 1053 639 tiae
1081 611 1166 640 reete
1192 618 1422 642 conversamur
1445 610 1478 641 in
1503 610 1609 642 medio
1636 609 1775 641 nationis

998 670 1108 702 pravae
1123 664 1154 693 et
1168 672 1340 704 perversae.

1039 715 1162 755 Tertio,
1179 719 1308 758 propter
1322 717 1520 758 expedienda
1533 719 1654 759 septem
1669 717 1773 749 virtu-

997 771 1067 800 tum
1097 770 1200 801 officia
1219 795 1227 809 ,
1256 773 1377 811 septem
1407 772 1523 803 dehent
1548 780 1617 803 esse
1638 771 1775 813 Spiritus

998 823 1098 854 sancti
1115 823 1208 855 dona.
1225 823 1306 856 Nam
1320 825 1418 856 timor
1443 825 1571 866 expedit
1590 826 1628 857 ad
1653 827 1775 866 tempe-

998 877 1135 908 rantiam
1150 887 1157 908 :
1169 877 1265 909 timor
1275 878 1361 909 enim
1372 888 1484 910 carnes
1494 879 1639 919 configit,
1650 879 1752 911 unde¹
1764 890 1773 912 ε

1001 931 1127 971 Consiqe
1143 932 1252 964 timore
1267 934 1320 964 tuo
1340 940 1452 964 carnes
1469 941 1554 965 meas
1565 942 1578 973 ;
1593 933 1712 974 pietas,
1735 933 1775 965 ad

997 995 1109 1017 veram
1122 986 1301 1026 ιῙιικίίῐίτιῐιη
1323 987 1471 1026 scientia,
1494 987 1533 1019 ad
1549 987 1774 1028 prudentiam3

998 1042 1028 1070 et
1049 1039 1214 1078 fortitudo,
1241 1040 1280 1070 ad
1304 1041 1541 1079 fortitudinem,
1569 1043 1626 1072 seu
1651 1041 1773 1082 patien-

998 1094 1096 1131 tiam;
1113 1094 1302 1133 consilium,
1329 1095 1367 1126 ad
1395 1104 1501 1135 spem·,
1519 1095 1716 1135 intellectus,
1735 1096 1774 1127 ad

998 1146 1091 1177 tidem
1106 1156 1113 1184 3
1130 1147 1300 1187 sapientia,
1316 1148 1355 1179 ad
1373 1148 1571 1179 charitatem.
1588 1147 1677 1180 Unde
1694 1149 1777 1180 sicut

998 1200 1067 1231 chai
1077 1201 1137 1231 itas
1153 1203 1200 1232 est
1216 1204 1318 1232 mater
1330 1203 1361 1233 et
1376 1202 1612 1234 consummatio
1627 1202 1775 1234 omnium

998 1253 1171 1292 virtutum,
1190 1254 1234 1285 sic
1249 1255 1403 1294 sapientia
1426 1255 1575 1286 omnium
1596 1255 1773 1293 donorum,

998 1307 1040 1337 ita
1056 1309 1089 1338 ut
1107 1316 1182 1338 vere
1202 1307 1285 1338 dicat
1307 1307 1441 1348 Sapiens
1457 1310 1466 1325 ²
1487 1319 1494 1339 t
1517 1308 1677 1342 Venerunt
1699 1309 1778 1340 milti

998 1362 1106 1392 onmia
1124 1360 1204 1393 bona
1216 1362 1346 1401 pariter
1365 1370 1436 1393 cum
1453 1361 1526 1400 illa,
1542 1365 1570 1394 et
1586 1363 1775 1394 innumera-

998 1413 1072 1445 bilis
1088 1414 1236 1446 honestas
1249 1423 1306 1454 per
1322 1423 1437 1447 ritanus
1456 1415 1558 1447 illius.

1037 1468 1156 1504 Quarto
1168 1492 1177 1506 5
1202 1470 1331 1508 propter
1355 1468 1589 1508 expeditionem
1608 1469 1639 1499 in
1656 1469 1774 1509 patien-

997 1521 1036 1551 do
1058 1522 1262 1552 conformiter
1289 1522 1326 1552 ad
1350 1521 1532 1561 Christum,
1556 1524 1676 1562 septem
1701 1525 1775 1553 sunt
1814 1539 1896 1560 Mon„

997 1574 1126 1606 habitus
1149 1575 1319 1606 donorum.
1345 1575 1506 1610 Christum
1533 1578 1635 1607 autem
1660 1575 1698 1606 ad
1721 1585 1775 1615 pa·
1799 1571 1884 1622 ⁹⁸3⁰·

996 1628 1140 1659 tiendum
1166 1629 1266 1660 movit
1286 1631 1417 1669 paterna
1443 1628 1610 1667 voluntas,
1631 1628 1775 1660 humana
1802 1632 1882 1652 Clu-isti

161 1527 263 1567 quoad
288 1527 507 1567 superadditas
530 1527 664 1558 virtutes
679 1551 687 1564 ,
713 1526 744 1557 in
771 1526 938 1567 patiendo,

163 1580 195 1611 in
226 1580 374 1619 agendo,
401 1581 433 1611 in
459 1580 723 1621 contemplando,
747 1582 778 1611 et
803 1583 940 1621 utroque

161 1633 267 1664 modo.
1812 1663 1816 1666 .

1789 1665 1839 1684 tria.

203 1686 311 1717 Primo
336 1686 451 1725 igitur,
475 1690 604 1727 propter
627 1687 776 1717 vitiorum
801 1686 940 1726 obliqui-

162 1742 240 1771 tates
255 1741 489 1780 expeditissime
502 1741 715 1781 repellendam
730 1743 852 1780 septem
864 1742 939 1771 sunt

161 1794 245 1825 dona
267 1793 405 1834 Spiritus
429 1795 528 1825 sancti
542 1818 550 1832 ‚
568 1796 677 1834 utpote
701 1794 814 1832 timor,
831 1796 941 1824 contra

163 1848 368 1889 superbia1n3
384 1849 498 1889 pietas,
516 1851 626 1880 contra
646 1848 816 1885 invidiam;
834 1848 940 1879 scien-

162 1904 223 1941 tia,
253 1905 364 1934 contra
387 1903 486 1943 iram,
511 1912 583 1943 qua‘.
608 1902 699 1942 quasi
724 1904 769 1933 cst
791 1902 939 1942 quaedam

161 1956 307 1994 insania;
339 1956 489 1987 fortitudo
506 1980 514 1994 ,
548 1958 658 1986 contra
689 1955 840 1994 acidiam,
867 1965 939 1995 quae

162 2013 301 2040 mentem
326 2010 429 2041 reddit
449 2010 488 2040 ad
506 2010 588 2041 bona
613 2009 810 2046 invalidam;
835 2009 937 2039 consi-

162 2063 260 2102 lium,
279 2065 388 2094 contra
410 2063 597 2100 avaritiam3
617 2062 792 2093 intellectus
805 2087 812 2099 ,
831 2064 940 2093 contra

162 2118 274 2157 gulam
288 2129 295 2155 ;
312 2120 343 2149 et
358 2118 513 2158 sapientia
523 2142 530 2156 ,
547 2119 657 2149 contra
672 2117 847 2147 luxuriam.

203 2171 348 2202 Secundo
359 2196 366 2210 ,
380 2173 508 2212 propter
522 2171 734 2211 expediendas
750 2171 834 2201 vires
850 2172 940 2201 natu-

162 2225 243 2256 rales
257 2249 266 2264 ,
291 2225 406 2256 debent
429 2227 549 2266 septem
571 2225 653 2255 dona
677 2224 814 2264 Spiritus
840 2224 939 2254 sancti

162 2288 239 2310 esse.
272 2278 351 2309 Nam
381 2279 548 2309 irascibilis
576 2278 699 2317 indiget
729 2277 870 2317 expediri
901 2277 940 2308 ad

162 2330 245 2362 bona
260 2333 325 2362 tam
348 2332 381 2362 i11
402 2332 581 2372 prosperis,
598 2340 694 2371 quam
720 2331 752 2361 in
775 2331 937 2362 adversis:

162 2385 196 2415 in
211 2385 370 2425 prosperis
384 2385 553 2424 expeditur
575 2394 631 2424 per
650 2385 798 2415 timorem
812 2408 820 2423 ,
837 2385 868 2414 in
883 2384 938 2414 ad-

163 2438 264 2468 versis
279 2447 334 2478 per
350 2438 581 2469 fortitudinem.
603 2438 861 2478 Concupiscibilis
882 2447 938 2468 au-

163 2493 227 2522 tem
250 2491 371 2530 indiget
393 2491 533 2531 expediri
559 2494 718 2531 quantum
743 2492 781 2521 ad
800 2491 938 2521 affectio-

164 2554 240 2576 nem
255 2547 398 2585 respectu
414 2545 568 2584 proximi,
585 2548 615 2575 et
631 2545 689 2575 hoe
713 2546 749 2575 fit
767 2554 823 2584 per
838 2545 940 2584 pieta-

164 2602 244 2637 tem3
261 2601 292 2630 et
306 2601 463 2639 quantum
478 2599 516 2628 ad
533 2598 683 2631 affectum
698 2600 844 2638 respectu
866 2597 939 2636 Dei,

164 2655 194 2684 et
208 2652 269 2683 hoe
290 2652 325 2683 fit
345 2660 402 2692 per
423 2652 555 2690 gustum
577 2652 751 2691 sapientiae.
770 2651 941 2682 Rationalis

198 2716 229 2746 (α)
244 2715 305 2740 Caet.
321 2714 381 2738 edit.
398 2715 581 2745 syntomatum.

998 1683 1190 1721 necessitas,
1217 1685 1247 1713 et
1276 1683 1404 1714 virtutis
1430 1683 1611 1714 strenuitas.
1639 1681 1774 1715 Paterna

997 1737 1124 1777 quidem
1141 1737 1292 1768 voluntas
1308 1737 1424 1775 movit,
1441 1739 1477 1768 ut
1497 1737 1626 1776 cognita
1648 1746 1704 1777 per
1724 1737 1772 1768 in-

997 1790 1174 1822 tellectum.
1199 1794 1233 1822 ut
1259 1793 1364 1822 ainata
1388 1800 1444 1831 per
1466 1791 1672 1831 sapientiam,
1690 1791 1771 1821 utin

996 1845 1176 1876 reverentia
1191 1845 1300 1876 habita
1315 1855 1371 1885 per
1387 1845 1547 1876 timorem.
1564 1844 1662 1875 Movit
1677 1845 1772 1875 etiam

996 1901 1105 1928 nostra
1127 1899 1314 1937 necessitas,
1332 1899 1369 1929 ad
1394 1908 1491 1939 quam
1517 1899 1773 1937 cognoscendam

995 1953 1171 1982 necessaria
1197 1955 1244 1982 est
1263 1953 1411 1987 scientia,
1438 1952 1476 1982 ad
1498 1961 1595 1991 quam
1618 1952 1770 1982 miseran-

1000 2005 1072 2035 dam
1086 2005 1310 2045 superadditur
1325 2005 1436 2045 pietas.
1455 2004 1551 2035 Movit
1564 2004 1773 2036 nihilominus

996 2059 1122 2089 virtutis
1145 2059 1332 2096 strenuitas,
1357 2061 1392 2089 ut
1415 2059 1547 2098 provida
1569 2059 1602 2089 in
1623 2058 1772 2097 eligendo

996 2121 1053 2152 per
1078 2113 1266 2151 consilium,
1287 2115 1323 2143 ut
1348 2112 1497 2151 vigorosa
1525 2112 1559 2142 in
1586 2111 1772 2152 perferendo

996 2175 1052 2206 per
1077 2166 1308 2197 fortitudinem.
1338 2165 1374 2197 Et
1398 2165 1442 2196 sie
1467 2165 1549 2196 dona
1568 2165 1683 2196 debent
1704 2173 1773 2196 esse

997 2222 1128 2260 septem.

1038 2273 1171 2311 Quinto,
1189 2275 1317 2313 propter
1334 2273 1568 2313 expeditionem
1585 2272 1617 2303 in
1632 2271 1770 2311 agendo,

997 2330 1117 2367 septem
1134 2327 1217 2357 dona
1232 2328 1348 2357 (tantur
1363 2337 1381 2357 a
1397 2326 1518 2367 Spiritu
1537 2328 1654 2356 sancto.
1674 2325 1769 2363 Nam,

997 2382 1035 2412 ad
1046 2382 1202 2412 actionem
1216 2381 1445 2422 expediendam
1457 2405 1463 2419 ,
1479 2388 1605 2411 necesse
1616 2379 1772 2409 habemus

997 2435 1138 2475 expediri
1162 2435 1201 2466 ad
1221 2435 1445 2466 declinandum
1460 2443 1479 2464 a
1499 2433 1581 2463 malo
1603 2441 1610 2462 :
1630 2431 1713 2472 quod
1736 2431 1772 2461 fit

997 2498 1053 2528 per
1070 2489 1227 2519 timorem.
1245 2487 1377 2519 Necesse.
1390 2488 1484 2518 etiam
1501 2486 1658 2516 habemus
1673 2494 1770 2525 expe-

997 2542 1055 2572 diri
1081 2542 1119 2572 ad
1145 2542 1374 2582 proficiendum
1399 2541 1431 2570 in
1456 2540 1538 2570 bono
1561 2538 1697 2578 duplici,
1721 2539 1772 2569 vel

997 2596 1191 2627 necessitatis
1202 2620 1209 2633 ,
1224 2596 1274 2627 vel
1290 2593 1579 2635 supererogationis
1593 2604 1599 2623 z
1619 2593 1702 2624 circa
1713 2593 1773 2633 pri-

997 2658 1087 2680 mum
1102 2649 1291 2690 expedimur
1306 2657 1362 2688 per
1376 2647 1540 2679 scientiam
1554 2649 1586 2677 et
1598 2646 1747 2687 pietatem
1759 2670 1769 2684 ,

1031 2712 1036 2726 ¹
1053 2711 1119 2736 Psal.
1135 2717 1227 2742 cxvin,
1241 2713 1293 2736 120.
1306 2725 1337 2731 —
1351 2711 1359 2726 ²
1370 2711 1440 2741 Sap.,
1456 2711 1553 2740 v11,tt.
