2003 3037
85 1471 151 1499 Origo

88 1510 149 1530 prinu

73 1535 162 1560 peccati.

725 209 775 242 DE
797 207 1058 242 CORRUPTELA
1082 209 1231 243 PECCAT
1235 211 1256 242 1.

448 327 608 362 CAPUT
639 326 704 359 111.

276 413 313 441 De
329 413 478 449 primorum
496 413 636 449 parentum
655 413 876 446 transqressione.

229 492 272 524 De
294 492 388 534 culpa
408 501 485 524 vero
504 491 685 532 primorum
704 493 875 532 parentum
891 493 966 524 sunt

189 546 260 578 haec
279 546 415 578 tenenda
437 556 444 576 :
467 545 585 576 scilicet
607 545 692 586 quod
715 544 833 576 mulier
857 553 966 576 assen-

189 601 269 632 tiens
278 600 444 632 tentationi
455 599 631 637 diabolicae,
643 599 774 640 appetiit
786 599 964 636 scientiam.

189 657 220 687 et
234 655 453 687 excellentiam
475 654 513 685 ad
530 654 661 685 modum
684 653 757 691 Dei,
774 652 904 693 appetiit
919 653 967 684 ni-

188 708 362 740 hilominus
383 708 522 749 experiri
541 707 733 739 suavitatem
750 707 833 746 ligni
850 706 941 737 vetiti
955 731 962 745 ,

187 764 218 794 et
239 763 366 794 tandem
382 763 493 794 incidit
516 763 551 793 in
565 762 856 802 transgressionem
874 770 964 792 man-

187 817 263 848 dati.
288 817 352 848 Nec
376 817 426 848 his
449 819 613 855 contenta,
637 816 798 847 offerendo
824 816 964 847 fructum

187 870 270 910 ligni
282 871 387 909 vetiti,
404 871 533 902 induxit
547 871 656 902 virum
667 895 674 908 ‚
693 870 749 910 qui
764 870 877 901 nolens
891 879 965 901 suas

187 924 316 956 delicias
344 925 529 956 contristare
544 948 554 963 ,
583 923 751 955 mulierem
774 932 839 954 non
867 924 966 954 corri—

187 979 276 1019 puit;
297 978 351 1009 sed
375 978 481 1018 potius
505 986 697 1009 consensum
718 977 856 1018 praebuit
881 978 965 1009 male

187 1032 348 1069 suadenti,
368 1034 399 1063 et
411 1032 553 1063 oblatum
567 1040 702 1071 pomum
719 1031 877 1070 gustando
893 1055 900 1069 ,
918 1031 962 1061 ef-

186 1085 287 1116 fectus
304 1087 350 1116 est
363 1087 584 1125 transgressor
600 1085 701 1117 divini
716 1085 880 1125 praecepti.

228 1138 318 1170 Ratio
340 1141 448 1170 autem
469 1139 508 1170 ad
524 1139 773 1178 intelligentiam
796 1139 963 1178 praedicto-

187 1201 261 1223 rum
277 1193 347 1223 haec
359 1195 406 1223 est
421 1203 428 1223 :
446 1193 522 1233 quia
538 1202 610 1223 curn
625 1202 644 1223 a
660 1193 764 1232 primo
785 1193 941 1233 principio
955 1217 962 1231 ,

186 1248 222 1277 ut
238 1247 427 1286 praedictum
449 1247 522 1284 fuit,
540 1247 634 1277 datus
658 1249 738 1277 esset
760 1246 884 1278 homini
908 1247 965 1278 du—

186 1299 261 1340 plex
285 1309 398 1331 sensus
420 1302 451 1331 et
473 1300 630 1340 appetitus
659 1302 804 1340 respectu
830 1301 965 1341 duplicis

187 1353 280 1392 libri,
304 1355 336 1384 et
357 1355 502 1394 respectu
527 1353 660 1393 duplicis
682 1354 774 1392 boni,
793 1356 830 1385 ut
850 1363 962 1386 secun-

187 1406 266 1438 dum
295 1406 473 1437 libertatem
501 1406 644 1444 arbitrii,
666 1407 764 1438 homo
791 1411 898 1447 posset
925 1408 964 1439 ad

187 1465 360 1500 utrumque
375 1461 536 1499 converti3
554 1460 682 1499 mulier,
700 1461 810 1492 audita
825 1471 965 1501 sugges—

187 1515 272 1545 tione
298 1514 452 1553 serpentis
473 1514 622 1544 exteriori
643 1538 650 1551 ,
677 1523 743 1545 non
766 1515 902 1545 recurrit
926 1515 964 1546 ad

186 1569 306 1599 librum
319 1568 504 1599 interiorem
516 1592 523 1605 ,
540 1569 595 1608 qui
615 1568 778 1608 legibilem
791 1578 824 1600 se
843 1570 964 1609 praehet

185 1624 271 1654 recto
296 1622 419 1662 judicio
447 1623 597 1660 rationis;
621 1623 675 1653 sed
703 1623 809 1663 potius
834 1633 965 1655 sensum

186 1685 281 1706 suum
309 1676 392 1706 circa
419 1676 612 1706 exteriorem
639 1675 758 1707 librum
785 1677 909 1713 tenuit,
934 1679 964 1708 et

187 1729 269 1759 circa
293 1729 435 1766 exterius
458 1729 581 1760 bonum
608 1730 766 1769 negotiari
793 1730 897 1770 coepit.
927 1730 964 1761 Et

186 1782 262 1822 quia
277 1791 389 1813 sensus
405 1783 474 1822 ejus
497 1792 565 1813 non
590 1784 718 1814 accessit
736 1793 837 1824 usque
857 1785 895 1815 ad
908 1794 963 1815 ve-

186 1845 261 1866 rum
276 1836 454 1874 infallibile,
471 1837 628 1876 appetitus
653 1838 725 1877 ers
746 1838 888 1869 converti
905 1848 965 1870 606-

188 1889 234 1929 pit
248 1889 287 1920 ad
301 1889 424 1920 bonum
446 1890 685 1921 commutabile.
704 1891 844 1932 Appetiit
863 1892 964 1931 igitur

191 1943 278 1983 quod
292 1942 436 1974 diabolus
451 1943 609 1983 promisit,
627 1946 658 1974 et
672 1944 742 1975 ideo
755 1945 915 1976 consensit
928 1948 965 1976 ut

188 1996 303 2027 faceret
329 1997 413 2036 quod
444 1997 619 2036 suggessit.
639 1998 833 2039 ‚Appetendo
862 1999 965 2039 igitur

188 2049 394 2081 excellentem
406 2051 591 2089 scientiam,
610 2053 713 2082 erecta
727 2055 774 2083 est
797 2053 831 2083 in
851 2062 961 2092 super-

188 2104 288 2142 biam3
307 2106 411 2135 erecta
432 2105 467 2135 111
483 2106 679 2145 superbiam,
695 2106 756 2137 hoc
773 2106 842 2146 ipso
861 2107 964 2138 illecta

189 2158 235 2186 est
259 2158 299 2187 ad
324 2157 456 2195 gulam,
473 2167 508 2188 ae
530 2167 586 2197 per
609 2160 669 2190 hoc
692 2159 785 2189 tertio
807 2162 964 2198 prostrata

189 2212 236 2240 est
256 2219 313 2250 per
328 2210 585 2243 inobedientiam.

230 2263 375 2294 Primum
404 2264 464 2294 fuit
493 2264 527 2294 in
558 2267 694 2303 mente3
725 2267 901 2299 secundum
930 2269 964 2299 in

189 2317 409 2355 sensualitate3
427 2317 558 2348 tertium
573 2318 606 2348 in
621 2327 727 2358 opere.
745 2319 783 2350 Et
797 2320 879 2351 sicut
894 2322 962 2351 ten-

190 2371 266 2402 tatio
284 2371 323 2401 ab
347 2371 489 2402 inferiori
512 2371 666 2411 incipiens
692 2374 836 2412 pervenit
862 2384 964 2414 usque

190 2424 229 2455 ad
244 2433 407 2455 summum
419 2449 426 2462 ,
442 2426 518 2464 quia
532 2425 572 2455 ab
588 2426 699 2456 auditu
715 2435 772 2466 per
787 2428 963 2468 appetitum

191 2478 336 2517 pervenit
362 2479 401 2509 ad
429 2487 641 2517 consensum3
673 2480 759 2514 sic,e
788 2490 962 2521 converso,

191 2530 385 2562 deci-dinatio
403 2541 422 2562 a
437 2533 593 2572 superiori
618 2533 770 2573 incipiens
788 2559 796 2573 ‚
821 2537 965 2575 pervenit

192 2592 293 2623 usque
316 2584 355 2615 ad
378 2584 479 2615 imum
493 2610 501 2624 ,
525 2588 556 2617 et
578 2586 649 2617 fecit
672 2597 775 2618 unum
801 2592 964 2628 peccatum

191 2640 463 2676 consummatum,
480 2640 565 2679 quod
583 2640 616 2671 in
631 2641 773 2672 humana
788 2644 903 2675 natura
917 2647 964 2674 est

191 2690 294 2721 omnis
318 2692 435 2730 peceati
460 2692 589 2724 initium
611 2696 643 2725 et
664 2695 758 2734 origo
787 2696 958 2729 malorum.

311 2753 385 2776 rom.
407 2754 464 2777 vn.

1741 214 1800 246 273

1026 276 1107 309 Nam
1123 278 1241 310 mulier
1258 278 1360 310 illecta
1375 279 1476 310 illexit
1488 280 1595 311 virum
1613 289 1622 311 ε
1638 280 1694 321 qui
1708 280 1800 311 simi-

1023 330 1096 362 liter
1109 331 1150 363 asi
1162 331 1281 363 librum
1297 333 1489 364 exteriorem
1510 342 1698 374 conversus,
1714 337 1746 366 et
1759 335 1800 366 ad

1023 385 1146 416 honum
1176 386 1402 418 commutabile
1420 411 1429 425 ,
1458 387 1557 418 nimis
1592 387 1799 428 appretiando

1023 438 1167 470 mulieris
1181 440 1391 479 consortium,
1408 443 1438 472 et
1459 450 1526 473 suae
1541 441 1699 473 societatis
1713 442 1799 474 sola-

1021 492 1103 524 tium
1116 517 1124 532 ,
1148 502 1207 524 nec
1232 494 1402 526 mulierem
1428 495 1529 527 voluit
1547 496 1724 536 corripere,
1741 505 1800 528 nec

1022 547 1167 587 proprias
1189 547 1315 579 delicias
1345 549 1542 582 contristare.
1577 549 1615 580 Et
1644 550 1799 590 quoniam

1021 600 1131 632 debuit
1144 610 1216 632 eam
1237 602 1412 642 corripere,
1429 604 1461 634 et
1476 613 1542 635 non
1557 604 1727 644 corripuit,
1747 604 1798 635 id-

1021 655 1104 686 circo
1119 655 1298 697 imputatur
1319 657 1348 688 ei
1364 659 1529 697 peccatum
1545 658 1701 690 mulieris.
1719 657 1800 696 Quia

1021 718 1098 740 vero
1120 709 1224 741 noluit
1248 719 1322 741 suas
1345 710 1473 742 delicias
1497 712 1700 750 contristare,
1722 722 1744 743 a
1766 721 1800 744 se

1021 763 1202 803 repellendo
1227 764 1419 803 mulierem;
1444 766 1574 807 incoepit
1594 767 1732 798 nimium
1754 767 1800 798 di-

1020 816 1123 856 ligere
1147 818 1308 858 seipsum,
1331 828 1367 850 ac
1389 829 1445 860 per
1472 819 1532 851 hoc
1554 821 1704 852 recedens
1719 831 1738 852 a
1751 821 1799 852 di-

1020 870 1098 901 vina
1121 871 1260 902 amicitia
1276 897 1284 910 ‚
1312 873 1422 904 incidit
1446 874 1480 905 in
1494 874 1617 914 gulam,
1632 877 1663 906 et
1685 875 1797 906 inobe-

1020 923 1184 956 dientiam.

1061 977 1133 1009 Fuit
1158 988 1236 1019 ergo
1261 981 1473 1020 transgressio
1494 983 1644 1022 praecepti
1669 983 1798 1024 utrique

1021 1032 1221 1071 communis,
1240 1033 1313 1064 licet
1323 1043 1363 1065 ex
1378 1035 1455 1074 alia,
1467 1038 1498 1066 et
1513 1037 1575 1069 alia
1589 1046 1684 1068 causa
1701 1049 1707 1068 :
1722 1039 1799 1078 quia

1020 1093 1087 1115 non
1101 1086 1169 1124 vir,
1186 1087 1241 1118 sed
1263 1088 1379 1119 mulier
1399 1089 1459 1120 fuit
1481 1090 1611 1121 seducta
1628 1101 1635 1121 t
1652 1092 1685 1122 in
1707 1094 1798 1123 utro-

1021 1148 1084 1179 que
1108 1143 1238 1180 tamen,
1262 1141 1380 1172 scilicet
1407 1142 1478 1174 viro
1504 1145 1535 1174 et
1558 1144 1714 1184 muliere,
1740 1146 1799 1176 snit

1020 1192 1217 1226 deordinatio
1233 1205 1252 1226 a
1265 1204 1392 1226 summo
1407 1206 1511 1237 usque
1525 1198 1564 1229 ad
1579 1198 1700 1238 imum,
1723 1200 1800 1240 qnia

1020 1247 1124 1286 primo
1139 1248 1173 1278 in
1185 1251 1292 1280 mente
1304 1249 1364 1280 fuit
1374 1274 1383 1288 ,
1399 1250 1466 1281 sive
1480 1251 1514 1281 in
1529 1252 1668 1291 ratione,
1687 1253 1799 1285 deinde

1020 1300 1054 1331 in
1076 1302 1295 1340 sensualitate,
1312 1305 1343 1333 et
1362 1306 1523 1343 postremo
1543 1305 1578 1336 in
1598 1315 1704 1346 opere.
1726 1307 1799 1339 Ideo

1020 1355 1108 1385 enim
1123 1357 1259 1396 uterque
1276 1359 1454 1397 prostratus
1469 1359 1527 1390 fuit
1540 1369 1597 1400 per
1617 1360 1796 1394 inobedjen

1020 1408 1117 1447 tiam,
1140 1412 1171 1440 et
1195 1410 1318 1442 illectus
1341 1420 1397 1451 per
1423 1413 1551 1452 gulam,
1568 1414 1643 1454 quia
1665 1418 1799 1456 uterque

1021 1465 1144 1493 erectus
1163 1464 1223 1496 fuit
1244 1464 1278 1495 in
1300 1466 1482 1505 superbiam
1507 1478 1513 1497 2
1533 1467 1648 1498 mulier
1670 1469 1799 1508 quidem

1020 1516 1197 1555 appetendo
1212 1520 1243 1547 et
1258 1518 1427 1549 ambiendo
1443 1520 1528 1559 quod
1542 1521 1687 1552 nondum
1709 1532 1797 1553 acce-

1020 1571 1129 1608 perat;
1146 1571 1196 1601 vir
1220 1572 1328 1602 autem
1352 1572 1449 1604 nimis
1469 1574 1607 1605 amando
1630 1578 1661 1606 et
1684 1585 1796 1616 appre-

1020 1622 1126 1654 tiando
1155 1624 1239 1664 quod
1263 1626 1332 1664 Jam
1366 1626 1502 1658 habebat
1534 1639 1540 1658 :
1571 1629 1656 1660 unde
1682 1630 1799 1661 mulier

1020 1676 1253 1716 manducando,
1267 1679 1399 1710 credidit
1408 1681 1575 1713 sublimari
1588 1693 1595 1720 ;
1609 1683 1710 1714 Adam
1721 1693 1799 1715 vero

1020 1730 1207 1762 existimans
1221 1741 1253 1763 se
1269 1732 1389 1773 aliquid
1404 1743 1563 1774 magnum
1575 1760 1583 1774 ,
1600 1739 1632 1767 et
1648 1737 1710 1768 Deo
1727 1738 1799 1769 cha-

1019 1792 1108 1821 rum,
1131 1785 1239 1818 minus
1266 1787 1408 1825 graviter
1437 1789 1569 1820 credidit
1598 1800 1631 1821 se
1658 1792 1796 1830 punien-

1019 1837 1109 1868 dum.
1131 1838 1282 1869 Nondum
1302 1840 1387 1871 enim
1414 1844 1564 1881 expertus
1585 1844 1688 1874 fuerat
1711 1845 1799 1884 rigo-

1019 1900 1088 1922 rem
1114 1892 1231 1923 divinae
1253 1894 1387 1932 ι1115111116
1414 1897 1445 1925 et
1472 1897 1662 1929 severitatis.
1690 1898 1728 1930 Et
1755 1900 1799 1930 sic

1020 1946 1172 1984 uterque,
1187 1945 1265 1976 dum
1282 1947 1580 1980 inordinate.erexit
1593 1960 1626 1982 se
1639 1960 1737 1991 supra
1750 1962 1794 1991 se,

1020 1998 1131 2029 cecidit
1145 1999 1368 2032 miserabiliter
1380 2002 1463 2033 infra
1479 2012 1512 2034 se
1523 2028 1532 2042 ,
1548 2013 1565 2035 a
1580 2006 1665 2036 statu
1680 2006 1798 2038 scilicet

1019 2051 1209 2083 innocentiae
1233 2056 1264 2084 et
1288 2055 1420 2093 gratiae,
1437 2056 1477 2087 ad
1501 2059 1619 2089 statum
1642 2059 1743 2099 eulpae
1768 2063 1799 2091 et

1020 2114 1166 2136 miseriae.

1281 2205 1440 2237 CAPUT
1473 2206 1535 2240 IV.

1138 2291 1176 2316 De
1190 2292 1342 2325 primorum
1358 2296 1503 2327 parentum
1518 2296 1672 2329 punitione.

1060 2375 1103 2405 De
1123 2384 1217 2415 poena
1236 2386 1313 2407 vero
1340 2378 1518 2417 primorum
1544 2384 1713 2421 parentum
1736 2384 1797 2415 hoc

1020 2430 1067 2458 est
1082 2430 1254 2460 tenendum
1272 2440 1280 2461 ε
1297 2431 1443 2463 videlicet
1457 2434 1543 2472 quod
1559 2436 1609 2465 vir
1622 2438 1652 2466 et
1667 2434 1794 2475 mulier,

1020 2482 1126 2512 statim
1146 2486 1216 2522 post
1238 2484 1384 2524 culpam,
1402 2490 1569 2518 senserunt
1593 2498 1721 2528 poenam
1742 2499 1795 2520 re-

1019 2535 1164 2566 bellionis
1187 2539 1217 2567 et
1238 2538 1464 2570 erubescentiae
1480 2540 1513 2571 in
1528 2551 1640 2580 carne3
1659 2545 1690 2573 et
1704 2543 1773 2574 ideo
1785 2569 1793 2582 ‚

1019 2588 1058 2619 ad
1081 2590 1327 2629 cooperiendum
1352 2593 1490 2624 verenda
1511 2595 1518 2610 ¹
1540 2618 1547 2631 ,
1570 2596 1712 2626 fecerunt
1734 2597 1795 2627 sihi

1019 2643 1221 2682 perizomata.
1250 2643 1360 2676 Postea
1384 2655 1461 2677 vero
1478 2647 1588 2679 divino
1607 2650 1729 2688 ‚judicio
1744 2650 1795 2682 vir

1053 2709 1057 2721 ¹
1074 2708 1145 2738 Gen„
1159 2714 1198 2739 111,
1214 2710 1238 2734 7.

1638 2761 1679 2793 118
