2003 3037
176 189 235 221 300

175 362 337 394 concurrit
350 363 441 394 actus
453 361 547 394 liberi
560 361 685 394 arbitrii
695 363 728 394 et
738 361 870 402 gratiae,
881 370 954 394 eon-

175 425 253 448 sone
273 415 404 457 quidem
423 417 455 447 et
475 415 636 453 ordinate,
658 415 705 447 ita
727 415 814 456 quod
837 414 953 455 gratiae

175 470 277 510 gratis
295 470 379 502 datae
404 469 543 501 excitare
559 468 700 501 liberum
713 468 896 506 arbitrium,
913 467 952 499 li-

173 524 243 555 beri
257 523 380 556 arbitrii
392 525 500 555 autem
512 525 561 554 est
571 522 757 564 hujusmodi
770 522 954 554 excitationi

174 578 371 617 consentire,
392 577 444 610 vel
466 577 652 616 dissentire;
675 579 707 609 et
730 577 955 608 consentientis

174 633 222 663 est
233 632 272 663 ad
287 631 426 672 gratiam
442 633 573 671 gratum
586 631 756 662 facientem
770 639 804 662 se
824 638 952 671 praepa-

174 694 261 725 rare,
282 686 360 727 quia
377 686 439 718 hoc
455 688 503 718 est
519 686 622 718 facere
635 685 721 726 quod
736 685 770 716 in
783 693 818 716 se
835 686 882 715 est
898 695 906 715 z
923 685 955 715 et

174 740 219 771 sic
233 740 384 781 disposito
399 741 504 780 gratia
517 742 648 781 gratum
661 739 778 771 faciens
792 739 889 770 hahet
904 739 953 770 in-

173 794 281 834 fundi,
302 794 354 826 cui
373 794 511 826 liberum
532 794 701 826 arbitrium
724 795 825 834 potest
840 801 952 833 coope-

174 849 256 886 rari,
278 849 305 880 si
328 848 413 888 vult,
435 850 466 880 et
485 850 562 880 tunc
583 850 743 886 meretum
762 846 812 878 vel
828 849 953 878 contra-

174 902 250 934 riari
274 912 330 943 per
348 904 531 943 peecatum,
550 904 582 933 et
603 904 679 933 tunc
702 901 895 933 demeretur.
920 900 955 932 Si

174 965 253 995 ergo
267 959 454 996 cooperetur
469 955 497 987 ei
515 964 616 996 usque
634 955 667 986 iu
683 955 796 991 finem,
815 957 957 986 meretur

174 1010 341 1050 pervenire
365 1010 403 1042 ad
425 1012 580 1042 aeternam
603 1009 750 1040 salutem.
766 1008 885 1040 Verum
910 1011 958 1040 est

174 1063 286 1103 igitur,
303 1064 389 1105 quod
403 1064 478 1095 dicit
490 1063 693 1103 Augustinus
711 1067 732 1101 ¹,
749 1063 850 1104 qnod:
867 1062 956 1101 «Qui

174 1118 295 1149 creavit
319 1120 348 1149 te
375 1118 444 1149 sine
471 1120 516 1156 te,
542 1127 606 1149 non
624 1117 813 1158 justificabit
837 1120 866 1148 te
889 1117 957 1147 sine

175 1173 215 1202 te.
239 1182 254 1200 n
270 1170 391 1203 Verum
410 1174 457 1202 est
477 1171 589 1207 ctiam,
613 1171 698 1211 quod
713 1171 723 1187 ²
746 1178 811 1202 non
831 1174 878 1203 esc
899 1178 957 1202 υο-

175 1225 284 1263 lentis,
300 1233 397 1265 neque
414 1226 593 1262 currentis,
609 1224 665 1257 sed
682 1225 741 1257 Dei
758 1225 955 1256 miserentis.

175 1279 295 1311 Verum
310 1281 357 1309 est
372 1279 465 1309 etiam
475 1303 482 1317 ,
500 1278 586 1319 quod
601 1278 709 1308 nullus
724 1280 826 1318 potest
842 1286 957 1318 super-

176 1333 244 1364 bire
268 1332 307 1363 de
330 1333 468 1371 meritis,
493 1332 568 1372 quia
591 1331 671 1362 nihil
695 1332 728 1362 in
754 1331 846 1362 nobis
876 1331 958 1361 licus

177 1388 291 1426 praeter
312 1396 371 1418 sua
391 1387 474 1418 dona
498 1388 640 1417 coronat.
665 1386 850 1417 Rvscrvavit
873 1386 958 1417 enim

175 1440 234 1470 sibi
253 1440 334 1471 neus
350 1449 485 1471 munera
500 1440 614 1479 gratiae
632 1440 803 1471 liberaliter
818 1440 958 1479 largien-

176 1494 227 1533 da,
240 1497 276 1525 ut
290 1495 389 1525 discat
404 1494 501 1525 liomo
516 1504 580 1525 non
596 1504 663 1526 esse
679 1495 838 1535 ingratus,
853 1503 911 1526 nec
926 1494 958 1525 in

176 1558 229 1587 se,
246 1549 336 1589 quasi
353 1558 419 1579 nou
434 1550 603 1588 acceperit,
620 1549 674 1580 sed
690 1549 722 1580 in
739 1549 871 1580 llomino
886 1547 958 1588 glo-

175 1603 263 1634 riari.
277 1602 397 1635 Verum
422 1605 466 1633 cst
491 1603 605 1641 etiam,
626 1603 710 1643 quod
728 1602 797 1633 licet
819 1603 959 1635 liberum

175 1657 346 1687 arbitrium
364 1666 420 1696 per
437 1666 469 1687 se
495 1657 601 1695 legem
618 1656 750 1696 implere
767 1666 829 1687 non
847 1657 956 1696 possit,

176 1720 233 1741 nec
249 1711 387 1750 gratiam
406 1711 437 1740 in
457 1720 490 1740 se
507 1711 645 1748 eiticcre3
673 1710 888 1741 inexcusabile
912 1712 958 1740 tu-

177 1774 249 1795 men
261 1767 317 1802 est,
333 1765 358 1795 si
375 1774 437 1794 nou
450 1765 519 1794 facit
531 1765 615 1804 quoti
632 1767 742 1804 potest,
757 1765 832 1804 quia
852 1765 959 1804 gratia

179 1818 279 1855 gratis
299 1818 371 1848 dita
385 1826 509 1857 semper
525 1820 568 1847 cst
588 1821 702 1856 przcsto
719 1818 756 1848 ad
779 1818 956 1849 commoni-

178 1872 307 1909 tioni-in,
325 1872 417 1910 cujus
431 1871 626 1902 adminiculo
640 1872 740 1902 sarcre
759 1874 857 1912 potest
874 1871 959 1911 quod

178 1926 210 1955 in
225 1934 257 1955 se
272 1928 317 1955 cst
333 1936 338 1955 z
357 1934 421 1964 quo
438 1925 533 1962 sacto,
550 1925 643 1956 liulict
669 1926 807 1962 gratiam
827 1929 960 1965 gratum

178 1979 358 2015 t'acicntcm,
387 1988 449 2017 qua
479 1979 628 2016 obtenta,
656 1979 798 2009 divinam
828 1980 959 2019 impleat

178 2033 297 2071 logum,
315 2034 345 2061 ct
363 2032 453 2062 saciat
471 2032 667 2062 voluntatem
690 2032 744 2062 lici
759 2044 764 2062 τ
785 2042 847 2072 qua
864 2034 955 2066 sacta.

179 2086 305 2116 tandem
329 2086 366 2115 ael
389 2086 616 2116 licatilmli11›·in
649 2086 813 2125 perveniat
840 2087 957 2127 sempi-

178 2142 301 2170 ternam
323 2142 450 2179 propter
469 2149 563 2179 opera
589 2140 760 2178 meritoria,
785 2149 859 2179 quae
877 2143 959 2171 tota-

179 2194 247 2223 liter
263 2195 339 2224 sunt
359 2203 377 2223 a
398 2193 518 2231 giunta,
544 2193 682 2224 totaliter
709 2194 805 2224 etiam
825 2203 843 2224 a
860 2194 960 2225 libero

178 2247 324 2284 arbitrio,
348 2247 419 2277 lieet
444 2247 649 2287 principilius
672 2257 690 2278 a
713 2247 817 2286 gratia
843 2259 849 2278 :
869 2249 959 2287 quia,

180 2302 214 2329 nt
231 2300 303 2330 ‹lii-it
326 2301 529 2337 Augustinus
545 2301 565 2337 ³,
590 2301 693 2340 gratia
710 2304 902 2340 cooperatur
919 2302 958 2332 ad

179 2354 316 2383 lilwrum
336 2354 504 2384 arbitrium
525 2354 607 2385 sicut
631 2363 735 2384 sessor
752 2354 789 2384 ail
805 2363 930 2394 equum
948 2366 954 2385 :

179 2407 234 2447 qui
251 2407 378 2446 quidem
402 2418 505 2438 sessor
520 2408 658 2438 lilicrum
681 2408 856 2438 arbitrium
880 2409 956 2438 diri-

183 2461 242 2498 git,
259 2461 400 2498 ‹lmine-it,
424 2465 451 2491 ct
471 2462 613 2501 perducit
627 2462 665 2491 al
682 2464 809 2501 portum
824 2464 956 2492 aeterna:

181 2515 532 2553 felicitatis,exi-rccinio
543 2516 636 2545 nosin
649 2515 799 2554 opcrilms
811 2516 957 2554 perfectae

180 2569 308 2599 virtutis
323 2569 500 2599 secuudum
515 2570 634 2600 donum
654 2569 752 2608 ipsius
764 2570 880 2608 gralia}
893 2580 960 2610 sep-

180 2622 329 2653 tisormis.

217 2687 222 2702 ¹
237 2687 313 2716 Aust,
324 2685 354 2708 de
371 2684 437 2709 verb.
458 2686 552 2716 Apost„
568 2693 644 2710 serm.
668 2691 707 2716 xv,
729 2686 760 2710 al.
776 2692 853 2709 serm.
870 2692 958 2716 (xxix,

761 183 1016 224 BREVILOQUII
1038 184 1142 219 PARS
1161 185 1200 219 V.

61 260 154 282 biti-ium
175 256 262 295 nire,
283 257 315 287 et
335 254 433 287 simul
453 254 622 296 utriusque
642 255 691 286 est
703 253 739 285 in
754 255 862 285 actum
878 261 952 294 pro-

63 298 154 319 quomo-

54 323 116 375 ξω
126 324 163 345 h..
176 310 258 349 dire;
274 308 350 341 hinc
363 310 426 347 est,
441 307 529 349 quod
550 308 586 340 in
607 309 716 340 nostra
726 307 954 348 ,iustificatione

69 356 129 376 eant.

1269 301 1431 337 CAPUT
1459 302 1524 339 IV.

1047 389 1086 416 De
1101 388 1300 423 ruminatione
1317 389 1414 423 qratioe
1431 390 1464 416 in
1481 388 1592 418 habitus
1607 391 1751 419 virtutum.

1050 467 1156 500 Tertio
1168 470 1265 500 restat
1281 477 1378 510 agere
1393 469 1431 501 de
1449 471 1554 510 gratia
1569 471 1604 502 in
1616 480 1786 513 compara-

1010 522 1096 554 tione
1111 522 1151 554 ad
1164 522 1294 555 habitus
1307 524 1482 564 virtutum,
1499 524 1584 556 circa
1597 534 1698 566 quam
1713 533 1788 557 eon·

1010 576 1179 608 sideranda
1195 578 1272 608 sunt
1293 577 1379 609 tria:
1402 578 1545 618 primum
1566 580 1630 617 est,
1645 578 1785 619 qualiter

1011 631 1118 671 gratia
1129 639 1194 662 una
1206 631 1404 663 ramificatur
1417 632 1451 664 in
1464 632 1592 664 habitus
1606 632 1782 672 virtutum;

1011 684 1206 724 secundum,
1223 684 1361 725 qualiter
1384 685 1583 717 ramificatur
1602 685 1637 717 in
1658 686 1788 719 habitus

1011 738 1187 778 donorum;
1205 740 1352 780 tertium,
1375 741 1512 782 qualiter
1533 741 1732 773 ramificatur
1755 741 1788 773 in

1012 793 1143 825 habitus
1158 793 1404 826 beatitudinum.
1421 794 1464 826 De
1479 795 1710 827 ramificatione
1723 795 1788 836 igi·-

1013 849 1066 879 tur
1079 848 1194 888 gratiae
1206 848 1240 879 in
1253 847 1380 880 habitus
1395 849 1555 881 virtutum
1569 849 1638 881 haec
1652 849 1789 881 tenenda

1012 903 1089 931 sunt
1102 925 1112 940 ,
1131 901 1218 942 quod
1238 911 1312 933 eum
1334 911 1400 933 una
1423 902 1463 933 sit
1484 902 1590 942 gratia
1607 896 1790 942 gratificans

1013 955 1153 986 animam
1166 978 1175 993 ‚
1190 956 1311 995 septem
1332 957 1439 988 tamen
1460 958 1536 987 sunt
1555 955 1690 987 virtutes
1711 964 1787 996 gra·
1835 964 1911 986 virtu-

1014 1010 1115 1048 tuitae,
1126 1010 1244 1050 quibus
1254 1010 1382 1050 regitur
1397 1010 1463 1041 vita
1474 1010 1616 1042 humana
1626 1019 1634 1042 ε
1646 1012 1710 1042 tres
1721 1010 1790 1051 qui·
1803 997 1910 1049 {afw‘

1013 1063 1086 1094 dcm
1104 1063 1306 1103 theologicae‚
1325 1063 1443 1095 scilicet
1457 1064 1550 1103 fides,
1567 1073 1639 1105 spes
1660 1067 1691 1096 et
1714 1064 1788 1096 cha-

1014 1117 1109 1154 ritas3
1126 1118 1265 1157 quatuor
1279 1117 1465 1156 cardinales,
1477 1118 1594 1149 scilicet
1610 1117 1789 1159 prudentia,

1014 1171 1242 1211 temperantia,
1258 1171 1421 1209 tortitudo,
1438 1173 1468 1202 et
1474 1171 1616 1211 Justitia,
1633 1180 1708 1212 quae
1723 1180 1790 1202 uno

1015 1224 1110 1255 morlo
1123 1226 1170 1255 est
1182 1224 1283 1255 virtus
1297 1224 1479 1255 communis
1491 1226 1522 1256 et
1537 1225 1715 1265 generalis,
1726 1225 1788 1256 alio

1016 1277 1109 1308 modo
1125 1277 1268 1318 specialis
1277 1280 1308 1308 et
1318 1277 1456 1318 propria.
1473 1277 1530 1309 11ae
1544 1280 1653 1309 autem
1667 1281 1789 1319 septem

1015 1331 1149 1362 virtutes
1163 1356 1172 1370 ,
1197 1331 1269 1362 licet
1291 1331 1353 1362 sint
1376 1331 1533 1363 distinctae
1551 1355 1562 1370 ,
1588 1334 1620 1363 et
1648 1332 1793 1373 proprias

1015 1385 1219 1416 excellentias
1234 1384 1405 1423 habentes,
1417 1387 1493 1416 sunt
1505 1387 1613 1416 tamen
1624 1394 1791 1425 connexae,

1015 1441 1045 1470 et
1069 1438 1209 1479 ccqnales
1235 1438 1275 1469 ad
1299 1438 1438 1470 invicem
1462 1438 1493 1469 in
1519 1438 1630 1470 eodem
1647 1447 1655 1470 ε
1671 1441 1702 1470 et
1722 1439 1795 1470 licet

1015 1493 1079 1524 siut
1095 1493 1265 1532 gratuitae,
1284 1501 1340 1532 per
1356 1493 1495 1532 gratiam
1511 1492 1702 1530 insormatae,
1719 1501 1790 1532 pos-

1015 1549 1090 1577 sunt
1105 1549 1214 1577 tamcn
1228 1546 1298 1577 ficri
1315 1546 1466 1578 informes
1482 1555 1538 1587 per
1558 1546 1684 1587 culpam
1696 1569 1703 1583 ‚
1726 1545 1793 1577 sola

1015 1601 1169 1632 charitate
1191 1602 1341 1641 excepta,
1357 1603 1389 1632 et
1411 1601 1528 1632 iterum
1550 1601 1715 1633 reformari
1738 1610 1794 1642 per

1016 1654 1234 1695 poenitentiam
1249 1654 1440 1686 adveniente
1455 1655 1561 1695 gratia
1571 1679 1581 1693 ,
1593 1664 1666 1696 quae
1681 1655 1795 1686 estha·
1839 1672 1915 1693 oum

1016 1707 1144 1738 bituum
1174 1708 1362 1739 virtualium
1387 1709 1479 1748 origo
1497 1733 1505 1746 ‚
1528 1709 1602 1740 finis
1625 1711 1656 1739 et
1679 1709 1792 1741 forma.
1809 1703 1917 1756 23¹3&-

1058 1761 1147 1791 Ratio
1165 1764 1272 1792 autem
1297 1762 1336 1793 aa]
1360 1762 1606 1803 intelligentiam
1627 1762 1793 1803 praedicto·
1809 1772 1851 1793 ευ,
1867 1766 1918 1787 flui-

1017 1825 1089 1845 rum
1113 1815 1180 1846 luce
1204 1818 1251 1846 cst
1269 1827 1275 1846 z
1292 1816 1368 1855 quia
1391 1816 1473 1846 sicut
1497 1816 1692 1856 principium
1718 1819 1794 1856 pr'o-
1810 1798 1916 1819 mmm*

1016 1869 1181 1900 ductivum
1193 1892 1201 1906 ‚
1214 1879 1272 1899 sua
1287 1878 1415 1900 summa
1430 1870 1632 1910 perfectione,
1645 1870 1678 1900 in
1691 1869 1795 1902 dando

1016 1923 1117 1953 vitam
1134 1925 1257 1953 naturae
1274 1932 1338 1953 nou
1356 1925 1480 1953 tantum
1497 1923 1551 1954 dat
1566 1923 1675 1954 vivere
1691 1932 1793 1963 quan-

1017 1981 1085 2008 tum
1105 1977 1143 2007 ad
1159 1979 1267 2007 actum
1286 1976 1438 2016 primum,
1455 1986 1569 2008 verum
1585 1977 1681 2008 etiam
1697 1986 1795 2017 quau-

1017 2034 1085 2061 tum
1102 2031 1140 2061 al
1157 2033 1264 2061 actum
1288 2030 1463 2061 seeundum
1477 2055 1484 2069 ‚
1501 2031 1558 2071 qui
1581 2033 1628 2061 est
1647 2031 1770 2071 operari
1785 2043 1792 2069 3

1016 2085 1059 2115 sic
1083 2094 1210 2114 neccsse
1235 2086 1296 2121 est,
1313 2083 1397 2123 quod
1423 2083 1616 2124 principium
1639 2085 1792 2125 reparati-

1018 2147 1094 2168 rum
1111 2137 1209 2167 vitam
1226 2137 1344 2167 tribuat
1362 2136 1487 2177 spiritui
1504 2137 1538 2168 in
1554 2146 1622 2169 esse
1639 2137 1793 2177 gratuito,

1016 2195 1047 2223 et
1063 2193 1220 2232 quantum
1234 2190 1273 2221 ad
1289 2199 1373 2228 esse,
1387 2193 1416 2221 et
1426 2192 1584 2231 quantum
1598 2191 1638 2222 ad
1655 2192 1793 2232 operari.

1017 2247 1053 2278 Et
1069 2248 1220 2287 quoni-„im
1237 2247 1335 2277 unius
1350 2246 1488 2277 viventis
1499 2246 1676 2278 secundum
1691 2256 1789 2278 uuam

1018 2301 1117 2331 vitam
1147 2300 1285 2339 primam
1323 2300 1543 2331 membrorum
1577 2301 1685 2331 multae
1721 2302 1796 2331 sunt

1016 2354 1216 2393 operationes
1233 2353 1344 2384 vitales
1359 2354 1398 2383 ad
1419 2353 1505 2384 illius
1527 2354 1600 2385 vitae
1623 2353 1794 2394 perfectam

1017 2408 1322 2445 manifestationem,
1344 2416 1418 2438 cum
1434 2408 1444 2423 ⁴
1467 2409 1555 2438 aetus
1578 2407 1793 2438 diversificen-

1017 2464 1069 2491 tur
1087 2470 1142 2501 per
1158 2461 1281 2501 objecta
1293 2485 1300 2499 ,
1318 2463 1347 2491 et
1362 2460 1528 2492 diversitas
1541 2462 1671 2491 actuum
1688 2461 1794 2501 requi-

1019 2517 1067 2545 rat
1096 2515 1313 2545 diversitatem
1345 2514 1412 2545 sive
1443 2513 1677 2545 distinctionem
1708 2514 1797 2545 habi·

1018 2573 1132 2606 tuum;
1154 2569 1230 2600 hinc
1250 2570 1314 2607 est,
1337 2568 1423 2608 quod
1444 2567 1517 2598 licet
1539 2576 1605 2598 una
1630 2567 1669 2598 sit
1693 2569 1797 2608 gratia

1017 2658 1039 2674 c.
1060 2656 1142 2679 x1,n.
1165 2651 1236 2673 13.-
1258 2649 1267 2665 ²
1282 2649 1417 2678 Rom‚,1x‚
1441 2649 1520 2672 lG.——
1541 2648 1551 2664 ³
1566 2649 1640 2679 Aug„
1662 2648 1698 2672 ad
1719 2649 1797 2678 Sir-L,

1017 2686 1091 2716 epist.
1108 2692 1147 2710 cv.
1164 2696 1194 2704 ’-
1209 2685 1216 2698 ⁴
1233 2684 1318 2713 Arist..
1334 2683 1364 2707 de
1381 2683 1485 2713 Anima,
1503 2683 1536 2708 lib
1554 2684 1584 2714 11,
1600 2686 1663 2709 text.
1680 2686 1718 2708 33.
