2003 3037
22 1993 76 2013 Tres
82 1992 120 2013 du-

21 2024 112 2045 rationis

19 2061 98 2076 mensu
104 2068 110 2072 ·

13 2092 51 2107 1-ae-

737 185 855 218 PART.
880 186 932 218 lll.
957 185 1065 219 SECT.
1090 185 1170 218 Vlll.

405 311 556 347 SECTIO
579 312 656 347 VII.

208 398 246 426 De
263 399 381 434 quatuor
398 398 479 426 simul
498 398 609 432 creatis,
630 398 655 424 et
675 397 708 424 de
726 398 858 424 mensuris

441 443 620 472 durabilium.

183 524 356 566 Postquam
367 523 507 556 vidimus
519 523 557 555 de
572 524 656 555 bono
670 523 822 561 increato,
835 523 920 564 quod

141 579 189 609 est
201 577 294 616 neus,
310 577 486 609 videndum
497 579 544 608 est
555 577 594 608 de
609 578 693 608 bono
707 580 823 616 creato,
835 577 922 618 quod

141 633 188 663 est
197 631 344 663 mundus.
355 630 442 662 Circa
450 631 693 672 productionem
703 633 815 662 autem
827 641 921 662 mun-

140 685 230 716 dialis
254 684 427 724 machinae,
456 685 614 717 habemus
637 685 742 726 primo
765 685 923 726 explicare

139 741 294 770 creaturae
316 739 544 770 summitatem.
580 738 619 770 Et
642 739 687 769 sic
711 739 785 770 dicit
814 738 921 769 Beda:

139 792 224 832 quod
248 794 387 832 quatuor
411 793 541 824 fuerunt
570 793 674 833 primo
702 795 821 830 creata,
849 801 922 833 quae

139 846 290 877 dicuntur
305 856 373 877 esse
389 855 515 885 coaeva,
531 847 582 878 vel
602 847 699 878 fuisse
719 847 851 884 scilicet,
870 856 924 877 na-

139 901 212 931 tura
235 900 397 939 angelica,
419 900 536 931 coelum
558 909 764 940 empyreum,
790 901 922 931 materia

140 956 279 994 quatuor
299 953 548 992 elementorum,
571 955 600 984 et
619 956 762 994 tempus;
781 962 921 993 qnorum

139 1007 330 1038 sufficientia
353 1007 397 1038 sic
416 1007 580 1046 accipitur.
607 1006 715 1038 Primo
743 1007 922 1038 debuerunt

139 1060 239 1091 creari
255 1060 363 1101 aliqua
375 1060 480 1100 prima
495 1060 530 1090 in
545 1060 686 1100 quolibet
699 1070 816 1100 genere
832 1069 918 1091 crea-

138 1116 234 1153 turae,
250 1114 369 1145 scilicet
378 1119 522 1154 respectu
539 1116 757 1145 creaturarum
773 1114 920 1154 spiritua-

138 1167 237 1207 lium,
254 1170 284 1200 et
304 1167 517 1208 corporalium
539 1168 736 1206 activarum,
759 1170 789 1198 et
807 1177 918 1208 corpo-

137 1221 254 1252 ratium
272 1222 488 1261 passivarun1‚
505 1223 536 1252 et
551 1221 647 1251 etiam
664 1223 809 1261 respectu
828 1230 917 1251 meu-

139 1284 301 1306 surarum.
332 1275 488 1315 Respectu
516 1278 738 1305 creaturarum
766 1274 919 1314 spiritua-

137 1328 229 1367 lium,
243 1329 347 1369 primo
362 1330 467 1359 creata
482 1331 529 1360 est
542 1331 658 1359 natura
672 1328 818 1367 angelica
827 1338 841 1366 g
851 1338 919 1359 res-

138 1387 230 1423 pectu
250 1386 470 1414 creaturarum
491 1383 706 1424 corporalium
726 1383 916 1422 activerum,

137 1439 184 1467 est
205 1436 310 1476 primo
334 1439 479 1467 creatum
503 1436 621 1468 coelum
646 1446 853 1477 empyreum,
880 1437 918 1468 (le

136 1500 201 1531 quo
218 1491 293 1522 dicit
307 1491 549 1530 Damascenus¹,
566 1492 652 1532 quod
668 1494 715 1522 est
725 1492 919 1523 continentia

136 1545 283 1576 omnium
301 1546 531 1585 corporalium,
552 1548 583 1576 et
598 1545 813 1585 spiritualium
830 1555 916 1576 crea-

136 1603 297 1638 turarum3
310 1603 454 1641 respectu
466 1604 684 1631 creaturarum
701 1601 918 1641 corporalium

135 1654 350 1693 passivorum,
374 1655 478 1694 primo
497 1656 601 1684 ereata
621 1656 667 1684 est
691 1654 822 1684 materia
838 1664 917 1694 qun-

133 1709 207 1738 tuor
229 1707 481 1743 elementornm;
504 1710 651 1747 respectu
673 1717 915 1745 mensurarum,

132 1761 237 1800 primo
252 1765 396 1792 creatum
410 1764 457 1792 est
472 1765 608 1802 tempus⁷
624 1762 709 1802 qnod
722 1762 918 1801 generaliter

133 1814 286 1854 accipitur
306 1824 364 1855 pro
384 1824 535 1845 mensura
550 1815 723 1854 cujuslibet
741 1816 918 1847 ‹lui-ationis

133 1867 279 1898 habentis
303 1869 450 1907 initium,
477 1868 544 1900 sive
568 1869 667 1899 finem
692 1869 823 1906 habeat,
850 1870 917 1901 sive

135 1930 212 1952 non.

175 1975 224 2006 Ad
242 1977 334 2016 cujus
349 1976 394 2006 rei
409 1976 556 2007 notitIam
572 1976 735 2007 sciendum
752 1977 837 2016 quod
852 1979 916 2008 tres

135 2032 210 2060 sunt
225 2029 507 2067 mensurabilium,
521 2031 589 2061 sive
604 2030 814 2067 durabilium,
829 2040 918 2062 men-

134 2093 219 2114 surae
233 2083 440 2123 principales,
457 2084 574 2114 seilicet
592 2084 770 2122 aeternitas,
788 2085 914 2115 aeviter-

134 2137 232 2174 nitas,
249 2139 280 2166 et
301 2139 427 2176 tempus
449 2138 577 2176 proprie
593 2137 726 2167 dictum.
745 2137 917 2169 AEternitas

134 2193 181 2221 est
207 2190 390 2221 divinarum
424 2199 635 2230 personarum
669 2191 812 2229 duratio,
843 2201 917 2231 quae

133 2253 199 2275 non
214 2244 309 2274 habet
327 2244 518 2284 principium
536 2253 640 2284 neque
658 2245 777 2275 finem:
798 2245 836 2275 de
853 2255 917 2285 qua

133 2298 208 2328 dicit
224 2297 351 2329 Boetius
366 2299 387 2335 ²,
405 2298 490 2338 quod
511 2300 558 2328 est
578 2298 825 2328 interminabilis
841 2299 916 2329 vitae

132 2354 198 2382 tota
213 2352 310 2383 simut
326 2354 357 2382 et
375 2352 512 2391 perfecta
529 2352 694 2391 possessio.
714 2351 916 2383 AEviternitas

134 2407 180 2436 est
196 2415 347 2437 mensura
359 2415 472 2437 eorum
487 2415 560 2446 quse
573 2406 691 2436 habent
706 2406 914 2446 principium,

135 2459 187 2489 sed
212 2468 277 2490 non
301 2460 410 2498 finem,
439 2460 520 2490 sicut
546 2462 621 2490 sunt
645 2460 774 2498 angeli,
799 2460 915 2491 animae

135 2512 267 2543 coelestis
281 2516 416 2552 naturae,
431 2516 462 2545 et
477 2514 611 2544 matema
625 2516 765 2553 quatuor
781 2514 916 2544 elemen-

135 2569 252 2596 torum.
290 2566 365 2598 Haec
407 2577 558 2598 mensura
594 2567 765 2606 aliquando
801 2568 916 2599 dicitur

170 2647 174 2659 ¹
188 2646 316 2675 Damase,
329 2646 358 2670 de
373 2647 430 2671 Fid.
443 2647 557 2676 OrthorL,
575 2648 617 2672 lib.
636 2649 665 2678 ll,
681 2655 703 2671 c,
725 2653 794 2671 ··1.—
834 2649 914 2677 Boet„

135 2681 165 2705 de
184 2682 281 2706 Consol.
302 2682 405 2713 philos„
426 2683 468 2707 lib.
490 2684 520 2714 V,
544 2690 612 2714 pros.
638 2685 660 2708 6.
681 2697 710 2702 --
733 2684 743 2699 ³
763 2683 821 2709 rid.
847 2691 913 2714 sup„

1704 190 1763 221 383

980 263 1102 293 aevum,
1118 254 1292 294 aliqnando
1305 254 1467 286 aeternitas
1477 257 1594 287 creata.
1610 255 1671 288 Sed
1685 256 1762 297 quia

979 307 1142 339 aeternitas
1163 308 1291 348 proprie
1312 308 1428 340 dicitur
1447 309 1486 341 de
1505 309 1639 349 divinis,
1654 318 1764 342 aevum

980 372 1057 395 vero
1072 363 1246 403 aliqnando
1261 372 1318 404 pro
1333 365 1477 404 tempore
1496 365 1676 404 invenitur;
1692 366 1764 398 ideo

980 425 1020 448 ex
1037 417 1088 447 his
1104 417 1229 448 (luobus
1244 417 1441 449 aeviternitas
1454 419 1652 450 nominatur.
1669 418 1763 451 Tem-

979 480 1040 511 pus
1061 473 1168 502 autem
1188 471 1316 511 proprie
1335 471 1455 503 dictum
1474 475 1522 504 est
1542 482 1696 504 mensura
1709 482 1763 504 eo-

979 534 1052 556 rum
1076 534 1150 565 quae
1174 525 1294 570 habent
1316 526 1511 566 principium
1532 530 1628 568 atque
1646 528 1760 566 finem,

980 579 1062 610 sicut
1086 581 1162 610 sunt
1183 571 1381 619 generabilia
1404 583 1500 621 atque
1523 581 1760 621 corruptibilia,

979 641 1054 672 quae
1078 633 1255 664 secundum
1281 635 1405 665 motum
1433 635 1529 675 primi
1553 635 1680 666 mobilis
1707 644 1763 667 va-

979 686 1120 725 riantur,
1150 697 1253 728 usque
1283 688 1322 719 ad
1352 689 1597 729 completionem
1633 689 1762 720 numeri

979 742 1117 780 quatuor
1144 740 1388 772 elementorum.
1415 741 1535 779 Quarta
1564 752 1640 774 vero
1670 743 1762 774 diffe-

978 794 1082 825 rentia
1094 803 1158 825 non
1172 797 1274 835 potest
1290 805 1368 834 esse,
1382 805 1455 836 quae
1471 798 1576 827 careat
1590 797 1758 836 principio,

978 848 1101 879 habens
1117 849 1229 879 finem.

1236 959 1385 993 SECTIO
1409 960 1498 994 Vlll.

1001 1044 1038 1071 De
1056 1045 1170 1071 veritate
1190 1046 1367 1080 eoeprz‘menda
1386 1053 1445 1072 cum
1465 1047 1616 1074 exclusione
1635 1049 1734 1074 erroris

1157 1090 1231 1116 circa
1249 1090 1451 1125 productionem
1471 1091 1575 1118 mundi.

1017 1171 1163 1202 Secundo
1178 1171 1335 1202 habemus
1351 1181 1494 1203 errorem
1509 1173 1712 1213 extinguere,
1728 1176 1760 1205 et

976 1225 1157 1264 exprimere
1179 1225 1358 1256 veritatem.
1385 1225 1515 1266 Propter
1539 1227 1625 1267 qnod
1649 1230 1760 1258 tenen-

976 1278 1052 1309 dum
1069 1281 1115 1309 est
1129 1279 1149 1317 ³,
1166 1279 1252 1319 qnod
1272 1279 1466 1310 universitas
1483 1281 1642 1312 maehina-2
1657 1290 1756 1312 mun-

975 1332 1066 1362 dialis
1088 1335 1135 1363 est
1155 1333 1308 1372 producta
1332 1334 1364 1364 iu
1386 1343 1454 1364 csse
1473 1343 1514 1364 ex
1533 1336 1676 1374 tempore
1694 1346 1700 1366 z
1727 1336 1759 1365 iu

975 1395 1039 1425 quo
1063 1386 1244 1417 excluditur
1269 1396 1358 1417 error
1384 1388 1574 1427 ponentium
1598 1388 1758 1419 mundum

974 1443 1149 1477 aeternnm;
1182 1450 1222 1470 ex
1257 1440 1357 1471 nihilo
1376 1451 1382 1470 ι
1419 1441 1452 1471 in
1485 1451 1550 1481 quo
1578 1442 1759 1473 excluditur

974 1503 1063 1524 error
1077 1493 1087 1509 ⁴
1107 1494 1293 1533 ponentium
1313 1494 1525 1524 fflternitatem
1550 1504 1633 1525 circa
1654 1497 1755 1526 mate-

975 1548 1052 1578 riale
1071 1547 1276 1586 principium
1300 1547 1340 1577 ali
1361 1557 1425 1577 uno
1443 1548 1621 1588 principie:
1644 1549 1676 1579 in
1694 1558 1757 1589 quo

974 1601 1155 1631 excluditur
1169 1610 1259 1631 error
1276 1600 1544 1639 Manichaeorum,
1567 1603 1757 1641 ponentium

974 1654 1189 1694 pluralitatem
1210 1655 1457 1694 principiorum;
1475 1655 1542 1685 solo
1558 1658 1587 1685 et
1602 1665 1731 1687 summo
1745 1668 1751 1688 :

973 1710 1007 1740 in
1026 1719 1090 1748 quo
1113 1709 1295 1739 excluditur
1311 1718 1401 1740 error
1416 1709 1425 1725 ⁵
1445 1710 1632 1749 ponentium
1654 1710 1755 1742 Deum

972 1762 1160 1802 profluxisse
1176 1763 1343 1794 inferiores
1358 1767 1521 1794 creaturas
1540 1773 1596 1803 per
1612 1765 1755 1795 ministe-

972 1816 1058 1846 rium
1089 1817 1394 1856 intelligentiarum;
1423 1818 1455 1848 in
1481 1821 1566 1848 certo
1594 1819 1754 1858 pondere,

972 1879 1109 1900 numero
1122 1872 1153 1900 et
1163 1880 1315 1901 mensura
1328 1882 1334 1900 :
1348 1871 1380 1901 in
1392 1880 1455 1910 quo
1467 1872 1655 1908 ostenditur,
1668 1873 1754 1911 qnod

972 1926 1117 1954 creatura
1137 1926 1184 1954 est
1203 1924 1334 1954 effeetus
1354 1924 1516 1955 Trinitatis
1538 1926 1675 1955 creantis
1694 1926 1754 1956 sub

971 1977 1086 2016 triplici
1103 1986 1222 2016 genere
1242 1978 1456 2008 causalitntis:
1482 1978 1600 2008 scilicet
1614 1979 1752 2010 efficien-

972 2031 1022 2069 tis,
1034 2031 1158 2062 ratione
1175 2033 1267 2071 cujus
1280 2034 1328 2062 est
1341 2032 1373 2062 in
1390 2034 1536 2063 creatura
1551 2033 1668 2070 unitas,
1685 2042 1753 2064 mo-

970 2085 1030 2115 dus
1051 2088 1081 2115 et
1103 2094 1270 2123 mensur&
1290 2087 1497 2125 exemplaris,
1521 2087 1646 2117 ratione
1662 2089 1755 2125 eujus

971 2141 1016 2168 est
1037 2139 1070 2168 in
1090 2141 1235 2169 creatura
1251 2140 1384 2177 veritas,
1402 2140 1521 2179 species
1536 2143 1566 2170 et
1581 2150 1752 2179 numerus;

971 2191 1087 2229 finalis,
1106 2192 1229 2222 ratione
1245 2194 1338 2231 enjlis
1351 2193 1383 2222 in
1400 2195 1545 2224 ereatura
1558 2198 1603 2224 est
1618 2195 1753 2233 bonitas,

971 2245 1049 2275 ordo
1064 2247 1095 2275 et
1109 2245 1243 2284 pondus.
1253 2245 1362 2276 Omnis
1377 2247 1495 2286 quippe
1506 2250 1653 2278 creatura
1663 2257 1755 2279 cons-

971 2299 1095 2330 tituitur
1120 2299 1154 2329 in
1178 2309 1244 2329 esse
1271 2299 1310 2329 ab
1335 2300 1508 2337 efficiex1te3
1535 2302 1692 2333 formatur
1714 2303 1754 2333 ad

970 2354 1149 2393 exemplam
1175 2354 1341 2384 ordinatur
1361 2355 1400 2384 ad
1425 2356 1542 2386 finem:
1565 2366 1601 2386 ac
1624 2366 1679 2396 per
1695 2357 1754 2388 hoc

970 2410 1015 2437 est
1032 2417 1107 2444 una,
1124 2417 1212 2445 vera,
1225 2410 1255 2438 et
1270 2408 1371 2446 h0na3
1390 2409 1581 2446 modificata,
1599 2411 1750 2453 speciosa³
1772 2429 1776 2431 -

970 2464 1000 2492 et
1015 2462 1176 2500 ordinat&
1196 2464 1389 2500 mensurata,
1407 2463 1556 2500 discreta,
1579 2467 1610 2494 et
1632 2465 1752 2504 ponde-

970 2517 1050 2545 rata.
1065 2515 1144 2545 Aliis
1163 2515 1258 2545 etiam
1278 2516 1441 2545 vocabulis
1457 2517 1626 2555 praedictus
1643 2520 1749 2549 terna-

969 2568 1038 2598 rius
1054 2569 1256 2599 nominatur:
1279 2570 1318 2598 ab
1337 2569 1538 2608 Augustino,
1556 2570 1590 2600 in
1611 2571 1691 2601 libro
1712 2571 1751 2602 de

971 2648 1072 2672 Breril..
1090 2656 1113 2679 p.
1133 2650 1161 2679 ll,
1178 2657 1199 2672 e.
1218 2655 1234 2672 1.
1247 2662 1276 2665 —
1293 2648 1300 2662 ⁴
1316 2648 1373 2672 Vin.
1389 2649 1464 2679 Aug„
1481 2650 1510 2672 (le
1527 2650 1618 2673 Hoeres.
1635 2650 1668 2673 acl
1681 2650 1753 2680 Quod

970 2684 1061 2715 vultd.‚
1074 2684 1166 2708 haeres.
1184 2686 1222 2708 ἀΰ.
1239 2697 1268 2702 —-
1286 2685 1296 2700 ⁶
1309 2684 1385 2715 Plat.‚
1401 2684 1427 2708 iu
1444 2685 1542 2709 Tz'maeo.
