2003 3037
158 1566 236 1585 Pecca-

130 1600 176 1619 tum
186 1601 236 1623 ope-

234 249 293 279 358

233 323 285 347 nae
312 314 407 345 famae
438 310 632 351 denigratio.
661 307 879 341 Committitnr
906 308 1015 337 autem

234 377 292 400 sex
315 366 433 403 modis,
457 364 576 396 scilicet
595 373 671 396 cum
690 363 815 395 bonum
837 368 1012 400 negamus,

234 421 320 463 quod
339 419 492 452 novimus
514 427 581 450 esse
600 418 739 455 factum;
767 415 815 448 vel
832 423 907 446 cum
929 416 1014 444 tace-

235 484 324 515 mus,
341 484 383 506 ne
396 474 452 505 fiat
465 473 536 505 aliis
550 471 770 509 manifestum3
788 469 837 501 vel
853 477 929 500 cum
943 476 1016 508 per—

237 528 404 567 vertimus,
417 527 550 560 dicendo
563 525 642 558 illud
660 525 746 556 mala
759 523 934 555 intentione
949 528 1016 552 esse

236 584 373 621 factum;
387 582 463 613 item
477 581 600 612 malum
609 579 772 611 occultum
786 575 970 612 revelando,
982 574 1016 604 iu

238 646 313 669 casu
336 645 403 667 non
427 643 592 673 concesso;
613 633 665 665 vei
689 629 947 671 augmentando,
968 627 1016 659 di·-

238 690 337 722 cendo
361 689 467 730 majus
490 697 577 727 esse,
601 696 700 728 quam
723 685 786 716 sit:
810 684 863 716 vei
884 683 1017 714 adinve-

238 744 356 777 niendo
371 743 566 775 mendaciter
578 741 711 778 malum,
723 739 810 780 quod
823 739 941 769 factum
952 745 1019 768 non

239 799 308 830 fuit.
329 797 470 830 Tenetur
484 798 592 828 autem
606 795 764 826 detractor
784 791 824 822 ad
847 789 1019 822 restitutio-

239 862 315 884 nem
329 852 424 884 bonae
438 851 542 889 famae,
556 857 656 890 quam
665 846 806 878 abstulit.
819 844 922 885 Majus
932 843 1019 874 enim

241 906 366 938 bonum
386 905 490 937 aufert
510 903 677 941 detractor,
698 909 796 941 quam
816 900 924 939 raptor
941 906 948 928 :
970 896 1020 928 et¹

246 971 260 990 α
275 968 340 991 non
354 958 527 990 dimittitur
547 957 727 998 peccatum,
751 952 811 984 nisi
835 951 1022 983 restituatur

241 1013 397 1046 ablatum.
414 1023 429 1041 n

460 1110 654 1146 SECTIO
694 1108 804 1142 XIV.

497 1200 533 1225 De
548 1199 656 1233 peccato
671 1196 769 1231 open's.

287 1283 329 1315 De
350 1283 476 1323 peccato
490 1281 595 1321 operis
616 1279 756 1310 breviter
771 1281 817 1309 est
833 1277 1006 1309 videndum
1016 1301 1023 1313 ,

247 1340 405 1378 quantum
422 1335 461 1366 ad
480 1333 721 1372 diffinitionem,
746 1334 777 1363 et
791 1331 1024 1363 distinctionem

247 1391 287 1422 ab
302 1389 423 1421 offensa
437 1388 623 1425 voluntatis,
634 1389 666 1418 et
681 1385 972 1426 superadditioncm
987 1384 1026 1414 ad

249 1443 404 1475 malitiam
429 1442 613 1473 voluntatis.
642 1440 695 1471 Est
723 1441 832 1470 autem
862 1440 1026 1478 peceatum

248 1498 353 1538 operis
367 1496 580 1535 transgressio
600 1495 680 1534 legis
700 1494 817 1525 divinae
833 1502 890 1531 per
905 1492 1025 1523 inordi-

250 1552 412 1583 nationem
427 1549 596 1581 extrinseci
619 1550 725 1579 motus
741 1547 866 1578 mentis.
885 1546 933 1577 Ad
956 1555 1029 1585 pec-

251 1608 357 1637 catum
373 1604 477 1645 operis
491 1603 656 1634 reducitur
677 1603 842 1642 peccatum
857 1602 1028 1630 consuetu-

251 1660 356 1692 dinis:
380 1667 548 1700 peccamus
568 1658 654 1688 enim
671 1656 873 1695 cogitatione,
894 1654 1029 1685 delecta-

251 1715 352 1752 tione,
378 1722 552 1749 consensu,
574 1711 687 1747 verbo,
711 1719 821 1749 opere.
841 1711 870 1739 et
895 1717 1028 1738 eonsue-

252 1768 374 1799 tudine.
403 1766 569 1797 Peccatum
596 1767 705 1794 autem
729 1763 832 1802 operis
853 1761 1031 1800 comparari

253 1822 349 1853 halwt
377 1820 415 1851 nd
451 1821 614 1860 peccatum
649 1815 820 1847 voluntatis
852 1815 1029 1852 init-rioris,

254 1878 346 1917 prout
364 1877 439 1905 sunt
453 1874 638 1913 conjuncta3
655 1874 686 1902 et
699 1871 743 1901 sic
754 1873 829 1901 suut
844 1879 946 1900 unum
965 1878 1032 1909 pcc-

255 1933 376 1965 catum,
396 1938 452 1968 pro
471 1936 508 1958 eo
531 1925 615 1966 qnod
634 1927 678 1954 cst
705 1924 748 1954 ilii
771 1933 855 1953 nnus
870 1924 1032 1961 contemp-

256 1986 323 2020 tus,
347 1985 377 2013 et
393 1991 457 2012 una
479 1979 613 2011 aversio.
631 1978 754 2021 Unum,
773 1978 904 2017 inquam
917 2001 924 2010 ,
947 1978 1032 2013 sunt,

257 2036 415 2077 loquendo
429 2034 614 2069 formaliter,
632 2042 705 2062 cum
722 2032 761 2061 sit
778 2031 818 2060 ibi
836 2040 899 2061 una
913 2030 1035 2060 deordi-

258 2090 344 2120 natio
360 2088 490 2129 praivia.
508 2086 680 2125 Loquendo
696 2087 801 2115 tamen
818 2082 1034 2120 materialiter,

259 2144 352 2184 plura
365 2145 439 2173 sunt
461 2142 601 2181 peccata,
622 2139 697 2179 quia
721 2138 813 2178 plura
828 2139 902 2167 sunt
917 2135 1038 2166 deordi-

259 2199 347 2234 nata,
371 2195 487 2226 scilicet
508 2194 655 2225 voluntas
675 2191 815 2229 interior,
837 2193 867 2221 et
883 2192 972 2220 actus
987 2198 1038 2220 cx-

261 2251 369 2282 terior.
387 2249 419 2280 Si
439 2251 545 2279 autum
566 2248 635 2277 liaec
657 2246 720 2276 (luo
740 2245 777 2276 ad
801 2244 938 2275 invit-eni
955 2253 1039 2274 coni-

262 2306 414 2344 pnrentur
436 2305 587 2342 tanquam
607 2301 780 2339 disiuncta,
798 2299 839 2328 ita
855 2298 937 2338 quod
956 2307 1040 2327 nnus

263 2354 368 2393 peccet
391 2352 552 2382 voluntate
573 2351 713 2386 tantum,
731 2348 811 2378 alins
828 2347 990 2377 voluntate
1011 2349 1041 2376 et

265 2415 376 2446 operm
394 2407 471 2436 tunc
485 2404 609 2435 diversa
620 2405 691 2432 sunt
709 2404 844 2441 peccata,
858 2410 923 2430 non
937 2399 1039 2430 solum

267 2458 481 2496 materialiter,
499 2457 660 2487 sedetiam
675 2454 860 2485 formaliter.
882 2453 1042 2493 Superati-

268 2514 312 2544 dit
332 2522 407 2544 vero
429 2512 548 2543 malitia
569 2511 674 2551 operis
697 2518 793 2549 snper
818 2508 971 2538 malitiam
988 2517 1042 2538 vo-

268 2567 415 2601 luntatis,
432 2566 559 2606 quando
571 2564 720 2597 voluntas
740 2562 823 2593 mala
844 2570 909 2591 non
926 2561 996 2592 vult
1011 2561 1043 2591 in

269 2631 351 2661 opus
371 2620 554 2661 procedere,
578 2619 653 2658 qnia
672 2620 747 2648 tuuc
769 2625 834 2647 non
851 2617 897 2646 est
915 2615 1044 2645 omuino

305 2704 400 2732 ¹Aug.‚
420 2700 453 2724 ud
477 2699 579 2724 iilucctl.v
600 2699 672 2729 epist.
695 2704 744 2722 Lu.
767 2709 791 2713 —-
814 2696 821 2709 ²
836 2696 922 2725 Greg..
943 2694 1044 2723 Morus„

270 2738 312 2761 lib.
329 2738 417 2764 XXXt,
437 2744 457 2760 c.
475 2741 537 2760 xvxi.
554 2748 581 2752 -
599 2735 605 2745 ¹
620 2734 686 2759 isid..
703 2741 728 2756 in
747 2733 830 2761 Dent„
846 2738 868 2755 c.
885 2737 937 2754 xvi.

887 235 1194 275 CENTlLOQUlUM.

1069 304 1184 345 plenus
1197 312 1382 336 consensus.
1397 302 1480 335 Nam
1499 302 1527 333 si
1544 303 1634 334 actus
1650 302 1756 343 operis
1768 303 1848 335 suh-

1069 359 1223 399 sequatur
1238 358 1459 398 contemptum
1469 380 1479 395 ‚
1495 356 1621 388 aversio
1637 358 1670 387 et
1682 356 1848 388 conversio

1069 414 1346 444 consummantur.
1360 411 1394 443 Si
1406 413 1515 454 autem
1524 409 1771 442 voluntasmala
1780 409 1850 442 vult

1070 465 1104 496 in
1122 474 1204 506 opus
1222 465 1346 496 malum
1365 464 1552 506 procedere,
1574 464 1628 495 sed
1648 472 1714 495 non
1731 464 1848 504 potest,

1070 521 1148 550 tunc
1164 518 1430 559 distinguendum
1444 519 1512 549 est:
1530 526 1608 548 nam
1623 526 1728 548 unum
1742 525 1851 557 pecca-

1071 575 1142 604 tum
1162 573 1269 613 majus
1288 572 1387 604 altero
1414 571 1579 612 tripliciter
1595 570 1771 612 Judicatur,
1790 571 1850 602 sci-

1070 626 1162 658 licet:
1183 627 1239 658 aut
1256 626 1379 658 ratione
1400 625 1532 666 maj0ris
1555 626 1758 664 contemptus
1778 623 1850 663 Dei,

1073 682 1105 712 et
1117 680 1162 711 sic
1175 689 1256 720 opus
1270 688 1336 711 non
1351 679 1438 711 addit
1458 679 1498 710 ad
1513 678 1714 719 iniquitatem
1735 676 1851 709 volun-

1073 734 1146 765 tatis
1158 745 1166 772 ;
1182 736 1238 765 aut
1251 733 1375 764 ratione
1389 732 1522 773 majoris
1537 731 1756 765 delectationis
1770 733 1801 763 et
1819 730 1854 762 li-

1073 786 1202 824 bidinis,
1214 788 1245 818 et
1259 786 1304 817 sic
1318 795 1400 826 opus
1413 787 1585 826 aggravat,
1600 785 1742 816 maxime
1755 793 1855 825 quan-

1074 843 1145 872 tum
1166 839 1205 871 ad
1219 849 1324 880 genus
1345 839 1482 871 carnalis
1500 839 1638 880 peccati,
1661 847 1726 879 quo
1746 840 1856 878 peccat

1075 894 1148 935 quis
1162 894 1196 925 in
1210 894 1328 934 seipso3
1349 895 1404 924 aut
1424 893 1547 924 ratione
1561 892 1692 932 maj0ris
1705 890 1856 923 damnifi-

1077 948 1222 987 cationis,
1238 948 1328 979 etsie
1346 956 1428 988 opus
1448 946 1536 978 addit
1551 946 1590 977 ad
1605 945 1725 976 malam
1739 943 1857 976 volun-

1077 1005 1189 1040 tatem,
1208 1001 1348 1032 maxime
1364 1003 1523 1042 quantum
1543 999 1583 1031 ad
1602 1007 1707 1039 genus
1726 997 1856 1038 peccati,

1078 1065 1141 1097 quo
1163 1055 1236 1096 quis
1259 1057 1367 1095 peccat
1393 1055 1426 1085 in
1450 1053 1647 1094 proximum.
1678 1051 1858 1090 Quantum-

1079 1118 1219 1149 cumque
1233 1109 1319 1139 euim
1339 1108 1414 1139 velit
1432 1107 1506 1147 quis
1520 1106 1686 1144 fornicari,
1712 1114 1777 1136 uon
1791 1106 1860 1136 tan-

1079 1165 1150 1194 tum
1177 1162 1351 1194 delectatur
1376 1161 1411 1192 in
1437 1160 1619 1199 voluntate,
1646 1161 1804 1200 quantum
1825 1157 1860 1188 in

1079 1225 1185 1256 opere.
1212 1215 1250 1246 Et
1271 1217 1571 1255 quantumcumque
1591 1212 1668 1245 velit
1687 1212 1761 1253 quis
1782 1211 1861 1243 occi-

1080 1270 1170 1308 dere,
1190 1278 1257 1300 nou
1270 1270 1398 1300 tautum
1417 1270 1510 1300 nocet
1530 1266 1683 1305 volendo,
1699 1261 1861 1307 quantum

1081 1323 1247 1354 actualiter
1262 1321 1445 1354 occidendo.

1349 1430 1498 1465 SECTIO
1523 1429 1598 1463 XV.

1157 1515 1194 1541 De
1212 1515 1309 1548 septem
1327 1513 1404 1539 vitiis
1423 1511 1588 1547 capitalibus
1606 1511 1636 1537 in
1656 1509 1784 1544 yenerali'.

1127 1592 1277 1632 Sequitur
1305 1590 1413 1621 videre
1439 1589 1477 1620 de
1502 1588 1657 1620 divisione
1685 1586 1803 1627 peccati
1828 1585 1862 1616 in

1086 1650 1206 1687 septem
1225 1645 1300 1675 vitiu
1316 1642 1479 1683 capitalia,
1496 1650 1571 1682 quae
1585 1642 1678 1672 sunt:
1694 1639 1862 1679 Superbia,

1088 1700 1219 1737 invidia,
1238 1699 1283 1729 ira
1294 1723 1302 1736 ,
1315 1697 1428 1734 acidia,
1443 1695 1594 1733 avaritia,
1613 1693 1705 1734 gula,
1721 1692 1863 1724 luxuria.

1090 1756 1130 1786 lle
1147 1754 1263 1794 quibus
1279 1752 1382 1792 primo
1403 1749 1575 1781 videndum
1591 1751 1639 1779 est
1657 1747 1688 1778 iu
1704 1745 1864 1787 generati,

1089 1808 1201 1840 deinde
1223 1807 1261 1837 «le
1283 1805 1420 1845 singulis
1443 1804 1474 1834 iu
1499 1801 1637 1843 speciali.
1665 1800 1700 1832 ln
1723 1798 1868 1840 generali

1090 1863 1148 1893 tri-d
1176 1863 1249 1892 sunt
1278 1860 1311 1890 in
1337 1858 1424 1889 vitiis
1448 1856 1635 1897 capitalibus
1658 1852 1866 1891 attendenda,

1091 1916 1206 1947 scilicet
1229 1914 1354 1945 diversa
1375 1910 1564 1948 nominatio,
1585 1908 1765 1940 connexiva
1787 1906 1870 1938 ordi-

1091 1971 1188 2006 natio,
1205 1967 1365 1998 sussiciens
1386 1964 1570 2004 assignatio.
1595 1963 1621 1994 A
1637 1963 1729 1993 heato
1753 1961 1871 1999 Grego-

1092 2024 1139 2054 rio
1159 2024 1169 2039 ²
1197 2024 1226 2052 ct
1255 2020 1324 2051 aliis
1352 2018 1534 2049 doctoribus
1565 2017 1609 2046 sic
1638 2015 1868 2046 nominantur:

1098 2088 1112 2105 α
1133 2074 1305 2114 Superbia,
1329 2072 1466 2109 invidia,
1487 2071 1552 2108 ira,
1580 2069 1695 2107 acidia,
1719 2067 1870 2106 avaritia,

1094 2129 1186 2169 gula,
1203 2126 1345 2158 luxuria.
1368 2137 1381 2154 u
1402 2125 1450 2155 Ab
1473 2124 1592 2155 Isidoro
1607 2124 1617 2140 ³
1633 2122 1678 2153 sic
1695 2133 1700 2153 :
1722 2133 1736 2151 ιι
1751 2120 1872 2152 Gastri-

1095 2182 1231 2222 margia,
1249 2179 1423 2217 fornicatio,
1441 2177 1652 2218 philargyria,
1667 2175 1804 2213 tristitia,
1815 2174 1874 2205 aci-

1096 2236 1158 2272 dia,
1175 2234 1364 2270 cenodoxia,
1383 2231 1541 2272 superbia.
1558 2242 1572 2259 ι)

1138 2290 1216 2321 ltem
1239 2287 1422 2328 superbiam
1437 2285 1592 2325 quidem,
1615 2287 1646 2314 et
1670 2281 1876 2313 cenodoxiam

1098 2345 1166 2375 sive
1181 2351 1297 2374 vanam
1317 2340 1469 2379 gloriam,
1488 2338 1633 2369 distinxit
1648 2336 1797 2367 Isidorus.
1814 2334 1876 2366 Sed

1099 2396 1272 2437 Gregorius
1287 2393 1472 2433 conjunxit,
1488 2391 1563 2432 quin
1586 2390 1670 2421 idem
1691 2391 1766 2419 sunt
1780 2388 1813 2418 in
1829 2396 1874 2426 re,

1099 2452 1281 2482 differentes
1301 2450 1424 2478 tantum
1447 2446 1579 2476 ratione.
1608 2442 1763 2483 Superbia
1790 2442 1876 2472 enim

1100 2505 1225 2541 dicitur,
1242 2502 1370 2543 quando
1387 2499 1502 2539 aliquis
1517 2497 1575 2528 sibi
1590 2504 1732 2535 magnus
1748 2497 1878 2535 apparet

1102 2559 1184 2588 intra
1200 2556 1360 2591 animuin,
1383 2561 1466 2584 vana
1481 2551 1582 2591 gloria
1596 2551 1658 2587 est,
1679 2548 1808 2589 quando
1823 2547 1878 2578 ali-

1101 2611 1172 2651 quis
1187 2610 1298 2640 nititur
1313 2616 1451 2646 magnus
1468 2613 1618 2645 apparere
1631 2612 1687 2643 per
1703 2602 1828 2633 laudem
1844 2603 1877 2633 in

1102 2665 1180 2695 facie
1207 2663 1354 2694 aliorum.
1384 2658 1538 2690 Similiter
1567 2657 1706 2689 Isidorus
1734 2655 1877 2686 distinxit

1104 2718 1252 2753 acidiam,
1283 2717 1314 2745 et
1335 2714 1511 2750 tristitiam3
1535 2712 1588 2743 sed
1612 2710 1787 2751 Gregorius
1808 2718 1879 2740 con-
