2003 3037
53 1016 146 1036 Sensus-

38 1047 98 1068 litas.

53 1177 145 1197 Sensus.

66 1269 145 1296 Imagi—

40 1300 108 1321 natio.

72 1336 144 1356 Ratio.

73 1496 144 1517 Intel-

38 1527 117 1548 lectus.

724 273 729 278 .
757 234 873 266 PART.
897 233 951 266 Ill.
975 233 1081 266 SECT.
1107 233 1186 266 XXI.
1723 235 1778 267 ³91

163 307 201 338 ut
218 306 316 337 finem
339 305 507 344 ultimum,
531 304 611 336 citra
633 312 730 345 quem
755 311 821 335 non
841 304 945 345 potest

163 359 328 392 rationalis
337 359 446 391 anima
463 357 610 400 quietari.

428 468 577 503 SECTIO
601 468 677 502 XX.

195 558 233 586 De
259 556 393 585 divisione
419 556 604 591 potentiarum
630 555 743 586 animer,
771 554 914 582 secundum

305 602 468 637 Magistros,
489 601 519 628 in
538 601 655 635 quinque
673 600 798 627 membra.

201 683 352 724 Sequitur
375 683 484 716 videre
511 682 702 715 divisionem
724 683 942 724 potentiarum

161 737 299 776 animae;
327 737 367 769 ad
395 746 535 778 quarum
562 737 710 768 notitiam
739 736 921 768 habendam
933 760 942 775 ‚

161 790 363 832 quadruplex
392 793 440 822 est
469 790 586 823 divisio
614 791 841 831 percurrenda.
875 790 944 821 Una

162 844 275 877 divisio
290 845 466 876 secundum
488 844 658 885 Magistros
677 846 724 876 est
746 845 780 876 in
800 845 945 886 quinque

161 899 318 938 membra,
336 899 454 930 scilicet
474 900 509 930 in
526 899 764 930 sensualitatem
775 923 784 937 ,
801 908 943 937 sensum,

162 952 428 992 imaginationem
439 977 450 992 ,
477 953 635 984 rationem
669 955 701 983 et
734 952 940 984 intellectum.

162 1005 357 1037 Sensualitas
376 1006 554 1038 secundum
569 1006 740 1046 Magistros
754 1008 800 1037 est
816 1006 871 1037 illa
886 1016 941 1046 po-

161 1059 259 1091 tentia
281 1068 356 1100 quae
381 1059 540 1090 sensificat
563 1068 696 1099 corpuS,
723 1062 754 1090 et
777 1063 896 1097 movet,
914 1061 945 1091 et

160 1113 278 1154 appetit
292 1123 329 1144 ea
349 1122 423 1154 quae
440 1115 515 1144 sunt
533 1113 729 1144 delectabilia
744 1113 866 1153 corpori
881 1137 888 1151 ‚
913 1115 944 1144 et

160 1166 279 1207 refugit
297 1167 422 1198 nociva.
447 1167 565 1198 Sensus
587 1168 634 1198 est
657 1167 712 1197 illa
734 1166 782 1198 vis
805 1167 940 1205 animae,

161 1230 225 1261 qna
252 1220 350 1251 homo
377 1220 542 1260 cognoscit
570 1230 621 1252 res
650 1220 830 1260 corporales
858 1229 942 1260 prae-

160 1276 276 1305 sentes.
300 1274 494 1314 Imaginatio
510 1276 558 1305 est
578 1274 631 1305 illa
650 1274 699 1305 vis
714 1275 850 1313 animae,
870 1284 943 1314 quae

160 1327 304 1358 intuetur
327 1337 378 1358 res
401 1327 580 1368 corporales
601 1328 759 1359 absentes.
785 1328 876 1360 Ratio
896 1330 944 1359 est

161 1381 215 1412 illa
230 1381 281 1411 vis
300 1381 416 1412 animae
427 1405 437 1420 ,
459 1390 523 1421 qua
543 1382 650 1412 anima
673 1382 757 1412 inter
775 1382 897 1413 bonum
913 1385 944 1414 et

161 1434 293 1472 malum,
306 1435 390 1465 inter
402 1444 516 1466 verum
527 1437 558 1466 et
569 1435 685 1466 falsum
697 1435 847 1467 discernit
859 1437 943 1468 infra

160 1497 203 1519 se.
221 1488 401 1519 Intellectus
413 1491 460 1519 est
473 1488 527 1518 illa
542 1489 591 1518 vis
606 1490 735 1528 animae,
753 1499 817 1530 qua
833 1491 942 1522 anima

160 1543 368 1583 apprehendit
396 1551 446 1573 res
475 1542 702 1574 immateriales
729 1546 759 1574 et
786 1544 940 1585 intelligi-

159 1597 249 1634 biles,
266 1598 302 1627 ut
318 1596 471 1634 animam,
488 1596 653 1635 Angelum
668 1598 699 1627 et
716 1597 825 1628 Deum.

201 1651 340 1682 Istorum
351 1650 496 1690 quinque
507 1649 728 1680 membrorum
739 1651 939 1691 sufficientia,

159 1705 204 1735 sic
219 1706 322 1744 potest
335 1703 419 1734 sumi
437 1714 443 1734 :
464 1703 581 1734 Anima
596 1705 643 1734 est
657 1705 749 1744 quasi
764 1705 843 1744 duo,
860 1705 942 1736 sicut

159 1758 233 1790 dicit
241 1757 463 1798 Augustinus¹
479 1769 485 1788 :
501 1757 580 1788 «Est
588 1758 705 1796 anima,
720 1760 750 1789 et
759 1759 909 1799 spiritus:
925 1771 940 1789 1)

159 1813 277 1851 anima,
294 1812 327 1842 in
341 1813 500 1852 quantum
521 1821 636 1852 corpus
650 1813 771 1853 perlicit
787 1816 817 1844 et
832 1814 939 1845 vivili-

158 1869 227 1905 cat;
246 1866 388 1907 spiritus,
408 1866 443 1896 in
457 1868 615 1906 quantum
633 1866 701 1897 sine
719 1876 850 1907 corpore
865 1878 939 1899 con-

158 1921 317 1952 sideratur
340 1922 371 1950 et
398 1921 542 1960 separata
566 1920 728 1959 perdurat.
755 1920 940 1952 Secundum

161 1984 235 2008 vero
250 1974 335 2016 quod
345 1975 392 2005 est
402 1973 522 2012 anima,
536 1976 740 2014 comparatur
755 1975 794 2005 ad
810 1984 937 2016 corpus,

158 2031 189 2060 et
203 2037 318 2068 corpus
331 2028 370 2058 ad
388 2028 544 2065 animam3
562 2029 593 2058 et
608 2027 652 2058 516
667 2029 818 2068 congruit
832 2031 940 2061 anima

158 2083 299 2123 corpori,
317 2084 347 2113 et
365 2083 491 2122 aptatur
505 2082 551 2120 ei,
570 2083 607 2112 ut
621 2082 736 2113 influat
750 2083 778 2113 ei
794 2083 894 2114 vitam
908 2086 939 2115 et

158 2146 300 2167 sensum.
315 2137 352 2166 Et
367 2136 435 2166 haec
449 2135 589 2175 potentia
604 2135 722 2166 anirnae
737 2135 852 2166 dicitur
867 2137 936 2167 ani-

159 2199 221 2221 mae
237 2189 435 2220 sensualitas.
454 2188 611 2227 Congruit
625 2189 720 2219 etiam
734 2198 849 2229 corpus
865 2191 937 2220 ani-

159 2252 239 2281 mae,
257 2244 288 2273 et
303 2243 429 2282 aptatur
442 2241 485 2279 ei,
505 2243 540 2271 ut
556 2250 611 2281 per
626 2251 741 2281 corpus
755 2242 938 2282 perficiatur

158 2299 314 2338 quantum
335 2296 374 2326 ad
395 2295 495 2326 vitam
514 2295 718 2333 inferiorem3
735 2298 765 2326 et
787 2296 856 2327 haec
880 2306 938 2336 po-

157 2351 257 2382 tentia
269 2350 383 2381 dicitur
402 2357 524 2379 56115115.
546 2348 666 2379 Sensus
684 2351 792 2380 autem
808 2352 856 2380 est
873 2350 937 2381 du·-

157 2405 242 2446 plex,
262 2404 381 2435 scilicet
394 2403 543 2440 interior,
565 2403 621 2443 qui
637 2403 752 2434 dicitur
772 2404 935 2443 imagina-

157 2459 219 2496 tio;
249 2460 281 2489 et
306 2458 419 2489 dicitur
449 2456 588 2487 exterior
600 2481 608 2495 ‚
637 2457 692 2496 qni
720 2458 936 2489 communiter

157 2512 271 2542 dicitur
286 2520 407 2550 sensus,
425 2513 461 2541 ut
476 2511 577 2550 visus,
592 2511 647 2551 qui
668 2511 703 2541 fit
720 2520 775 2551 per
792 2512 933 2550 oculum,

157 2567 188 2596 et
208 2565 335 2595 auditus
356 2574 413 2605 per
436 2573 567 2603 aurem,
585 2566 616 2595 et
638 2564 681 2595 sic
698 2565 737 2595 de
760 2565 842 2595 aliis.
866 2565 936 2605 Ipsa

158 2627 236 2649 vero
259 2618 382 2656 anima,
411 2618 445 2649 in
469 2620 626 2658 quantum
647 2619 794 2659 spiritus,
820 2619 936 2650 dicitur

158 2671 318 2712 duplicem
332 2670 450 2702 habere
464 2674 627 2712 aspectum
642 2682 650 2704 :
667 2681 771 2703 unum
788 2675 934 2713 respectu

191 2735 197 2748 ¹
212 2733 267 2758 Lib.
282 2733 312 2757 cle
328 2733 397 2764 Spir.
410 2734 434 2756 et
451 2733 546 2765 Anim.⁷
559 2741 582 2758 e.
600 2740 634 2759 ix.
650 2748 680 2752 -
694 2736 704 2751 ¹
718 2735 792 2766 thid„
807 2742 829 2759 c.
850 2741 885 2759 XI.

999 301 1205 342 inferiorum,
1223 303 1255 334 et
1275 311 1379 334 unum
1398 304 1545 343 respectu
1563 302 1779 343 superiorum,

1000 356 1178 388 secundum
1206 355 1293 396 quod
1318 355 1394 387 dicit
1415 356 1619 396 Augustinus
1638 356 1670 393 ¹,
1696 355 1782 397 quod

1000 410 1108 442 anima
1126 409 1205 440 duas
1225 409 1321 440 habet
1343 411 1463 449 partes,
1480 409 1600 441 scillcet
1621 418 1721 441 unam
1742 409 1782 441 ad

1001 463 1168 504 superiora
1194 463 1429 503 respicientem,
1454 465 1485 494 et
1511 463 1607 495 aliam
1633 464 1671 495 ad
1701 463 1782 495 infe-

1000 518 1096 549 riora.
1125 516 1312 549 Interiorem
1336 517 1480 557 Magistri
1499 517 1661 558 appellant
1681 517 1783 549 ratio-

1000 580 1093 610 nem;
1110 570 1308 611 superiorem
1322 579 1410 608 vero,
1422 570 1630 602 intellectum.

1222 680 1419 715 SECTIO
1457 681 1563 715 XXI.

1018 770 1056 796 De
1074 768 1205 796 divisione
1221 769 1420 804 potentiarum,
1441 767 1584 795 secundum
1603 768 1765 801 Naturales,

1267 815 1297 840 in
1318 814 1374 840 tria
1393 813 1520 841 membra.

1041 896 1188 928 Secunda
1202 906 1278 928 vero
1298 897 1430 935 divisio,
1448 897 1626 928 secundum
1644 897 1785 929 Natura-

999 951 1061 989 les,
1088 953 1136 982 est
1162 951 1193 982 in
1222 951 1284 982 tria
1306 952 1464 982 membra.
1489 951 1672 983 Secundum
1697 952 1784 983 enim

1000 1005 1086 1045 quod
1101 1005 1209 1036 anima
1225 1007 1430 1045 comparatur
1450 1005 1489 1036 ad
1504 1008 1593 1036 actus
1601 1029 1610 1044 ,
1630 1008 1693 1037 tres
1709 1008 1784 1037 sunt

1000 1059 1118 1090 animae
1139 1060 1305 1099 potentiae⁷
1327 1060 1366 1090 ad
1384 1062 1492 1090 actum
1517 1060 1674 1100 triplicem
1696 1060 1782 1092 ordi-

1000 1114 1095 1143 natae.
1111 1112 1188 1143 Tres
1200 1113 1331 1152 quidem
1346 1115 1421 1143 sunt
1435 1115 1524 1144 actus
1537 1114 1656 1144 animae
1671 1114 1782 1154 primi,

999 1166 1117 1197 scilicet
1140 1168 1307 1205 vegetare,
1329 1167 1465 1204 sentire,
1484 1168 1514 1197 et
1532 1167 1726 1199 ratiocinari.
1746 1168 1784 1199 Et

999 1220 1175 1250 secundum
1201 1220 1263 1250 hoc
1288 1220 1500 1259 distinguitur
1527 1220 1642 1260 triplex
1667 1221 1783 1253 animae

999 1274 1156 1313 potentia,
1179 1274 1296 1304 scilicet
1319 1274 1522 1313 vegetabilis,
1549 1275 1730 1313 sensibilis,
1752 1277 1784 1306 et

999 1327 1173 1358 rationalis.
1192 1327 1272 1358 Nota
1286 1330 1404 1366 tamen,
1423 1328 1508 1368 quod
1529 1329 1719 1368 vegetabilis
1737 1332 1784 1360 est

999 1381 1106 1412 anima
1130 1381 1163 1412 in
1193 1381 1326 1422 plantis3
1355 1381 1513 1412 sensibilis
1539 1384 1586 1412 est
1615 1383 1723 1413 anima
1749 1383 1783 1413 in

998 1435 1119 1473 brutis;
1139 1435 1301 1465 rationalis
1325 1437 1371 1466 est
1392 1435 1501 1466 anima
1522 1436 1555 1466 in
1580 1436 1780 1468 hominibus.

999 1489 1035 1520 In
1051 1490 1181 1521 homine
1199 1492 1306 1520 autem
1322 1499 1387 1520 non
1407 1492 1481 1520 511111
1495 1492 1559 1520 tres
1574 1490 1709 1529 animae,
1729 1491 1783 1522 sed
1826 1502 1850 1535 tq
1868 1502 1905 1522 ho-

998 1547 1062 1575 trcs
1078 1546 1227 1585 potentias
1243 1548 1318 1575 sunt
1334 1546 1475 1576 dicendae
1492 1546 1524 1576 in
1540 1546 1660 1577 anima.
1676 1546 1781 1586 Vege-
1797 1537 1908 1583 ωῗέῗξῃ-

998 1600 1104 1629 tabilis
1131 1600 1251 1639 appetit
1273 1609 1359 1637 esse;
1387 1600 1564 1637 sensibilis,
1589 1600 1668 1630 hene
1695 1609 1779 1638 esse;
1796 1595 1844 1644 ἓξὲξ
1861 1594 1906 1614 ⁸¹³5·

998 1653 1176 1691 rationalis,
1194 1653 1312 1693 optime
1328 1663 1407 1683 esse.
1427 1652 1622 1692 Vegetabilis
1637 1653 1781 1683 subdivi-

999 1707 1085 1737 ditur
1100 1707 1132 1737 in
1153 1707 1390 1746 generativam,
1406 1709 1436 1737 et
1450 1707 1660 1737 nutritivam:
1681 1716 1780 1746 gene-

997 1760 1101 1791 rativa
1125 1762 1171 1791 est
1193 1761 1231 1791 ad
1257 1761 1532 1792 conservationem
1555 1769 1621 1791 esse
1647 1760 1782 1791 univer-

997 1815 1083 1853 salis,
1096 1815 1212 1846 scilicet
1228 1815 1342 1855 speciei
1355 1825 1362 1853 3
1376 1815 1532 1846 nutritiva
1545 1817 1592 1845 est
1602 1814 1641 1845 ad
1658 1824 1782 1845 conser-

997 1870 1159 1900 vationem
1182 1878 1249 1899 esse
1265 1869 1458 1908 singularis,
1477 1868 1595 1899 scilicet
1609 1868 1778 1899 individui.

997 1923 1164 1954 Nutritivae
1179 1923 1298 1963 duplex
1314 1924 1363 1953 est
1383 1924 1487 1960 actus,
1504 1922 1621 1952 scilicet
1638 1922 1778 1960 nutrire,

997 1978 1027 2007 et
1045 1977 1101 2007 iste
1120 1979 1209 2007 actus
1236 1985 1362 2016 semper
1386 1979 1433 2006 est
1458 1975 1669 2013 necessarius;
1696 1984 1780 2014 aug-

997 2032 1150 2069 mentare,
1169 2030 1267 2061 etiste
1285 2030 1389 2060 solum
1405 2033 1452 2060 est
1464 2029 1659 2060 necessarius
1676 2038 1779 2069 usque

996 2084 1035 2114 ad
1051 2084 1096 2114 rei
1112 2084 1367 2124 completionem.
1388 2083 1476 2114 Unde
1490 2083 1680 2114 nutriuntur
1694 2092 1776 2113 sem-

996 2148 1052 2178 per
1066 2139 1233 2177 animalia;
1254 2148 1318 2170 non
1341 2141 1448 2169 autem
1473 2147 1600 2178 semper
1614 2147 1777 2177 augmen-

995 2196 1114 2224 tantur.
1131 2193 1185 2224 Vis
1201 2194 1360 2224 sensibilis
1375 2193 1527 2224 dividitur
1543 2194 1577 2222 in
1596 2192 1774 2232 apprehen-

995 2247 1110 2285 sivam,
1127 2249 1158 2278 et
1176 2247 1330 2278 motivam
1350 2258 1355 2277 :
1374 2246 1606 2286 apprehensiva
1622 2246 1776 2276 dividitur

994 2301 1029 2330 in
1043 2309 1172 2331 sensum
1188 2300 1424 2340 particularem,
1436 2303 1466 2330 et
1479 2309 1611 2330 sensum
1627 2309 1773 2330 commu-

994 2363 1086 2393 nem;
1103 2355 1170 2385 sive
1185 2355 1217 2384 in
1233 2363 1364 2385 sensum
1380 2354 1582 2392 exteriorem,
1600 2356 1630 2384 et
1642 2354 1772 2385 interio-

993 2416 1073 2438 rem.
1090 2407 1209 2438 Sensus
1219 2408 1430 2447 particularis,
1449 2408 1516 2438 sive
1532 2407 1682 2445 exterior,
1695 2407 1774 2438 divi·
1798 2417 1800 2419 ·

993 2461 1078 2492 ditur
1105 2462 1139 2492 111
1167 2462 1310 2502 quinque
1337 2471 1468 2499 sensus,
1503 2462 1622 2492 scilicet
1648 2462 1771 2500 visum,

993 2515 1138 2545 auditum
1151 2539 1158 2553 ,
1183 2518 1315 2554 gustum
1329 2540 1336 2553 7
1358 2515 1526 2546 odoratum
1541 2517 1572 2546 61
1586 2517 1718 2545 tactum.

1033 2569 1121 2599 Circa
1136 2569 1212 2600 istos
1227 2570 1370 2609 quinque
1386 2578 1497 2599 sensus
1513 2570 1573 2599 tria
1593 2568 1771 2599 necessario

993 2622 1218 2662 requiruntur,
1238 2622 1356 2652 scilicet
1376 2622 1498 2652 bonitas
1516 2622 1648 2661 organi,
1664 2621 1770 2660 dispo-

993 2675 1064 2706 sitio
1085 2676 1192 2714 medii,
1215 2678 1245 2706 et
1274 2676 1443 2716 praesentia
1461 2676 1586 2716 obJecti.
1605 2675 1769 2714 Organum
1812 2678 1892 2699 'sriaiu

1786 2715 1852 2729 {cusu
1859 2716 1893 2730 re-

993 2729 1081 2760 visus
1115 2732 1190 2761 sunt
1223 2729 1352 2770 pupillae
1387 2729 1578 2767 oculorum;
1608 2737 1770 2768 organum
1786 2739 1875 2769 quasue.
