2003 3037
189 196 251 228 294
769 193 1022 233 BREVILOQUH
1044 189 1150 230 PARS
1169 195 1222 230 IV.

144 299 147 302 ¹
190 262 298 294 anima
316 269 395 294 vero
412 269 542 294 summa
565 261 706 295 charitas
724 262 765 295 ad
787 262 911 302 Deum,
936 264 969 294 et
1025 263 1083 297 ubi
1095 273 1193 308 super
1205 275 1336 299 omnem
1357 267 1539 301 creaturam
1557 259 1732 312 exaltabis,
1748 281 1800 304 se-

189 324 317 348 summa
328 315 430 356 pietas
441 315 482 347 ad
493 315 679 356 proximum
692 327 700 349 ε
715 316 792 348 hinc
805 318 865 355 est,
881 316 968 358 quod
1025 319 1078 352 det
1089 321 1129 354 ad
1142 321 1307 355 dexteram
1317 323 1373 355 Dei
1385 323 1499 356 Patris.
1514 323 1606 363 Quod
1617 325 1741 360 dictum
1753 328 1802 360 in-

95 384 176 410 sup„-
188 371 325 410 u'terque
339 367 429 401 dolor
448 368 509 401 fuit
523 369 772 402 intensissimus.
797 369 966 411 AmpliuS,
1024 373 1181 415 telligitur
1192 385 1258 408 non
1272 378 1431 418 quantum
1452 377 1493 409 ad
1516 378 1634 419 situm,
1653 380 1711 422 qui
1733 389 1802 414 non

66 413 117 466 „¹0³2ss
127 414 173 466 ἓξ,
187 424 265 466 quia
285 425 395 456 tumor
417 424 577 465 superbiae
602 424 776 466 aliquando
798 424 968 464 consurgit
1024 429 1174 470 competit
1187 429 1251 462 Deo
1265 429 1369 470 Patri,
1385 431 1440 463 sed
1459 433 1620 472 quantum
1634 433 1674 466 ad
1694 433 1801 466 excel-

1023 482 1157 514 lentiam
1180 483 1340 517 honorum
1355 509 1364 523 ‚
1387 485 1463 526 quia
1486 485 1606 518 scilicet
1629 487 1746 520 residet
1766 488 1802 520 iu

72 476 166 530 fflffi',
186 478 323 510 interius
336 486 378 509 ex
391 477 659 519 praesumptione,
676 480 708 510 et
719 478 889 520 aliquando
903 487 966 510 ex..

1023 536 1201 576 potioribus
1222 537 1314 570 bonis
1338 538 1453 571 Patris.
1483 538 1668 581 Postremo,
1697 541 1800 574 inter-

62 538 103 566 su.
186 532 286 566 terius
299 541 340 564 ex
354 531 565 564 ostentatione
578 533 610 563 et
622 531 727 564 aliena
740 531 834 564 laude
847 543 855 570 ;
875 532 964 570 ideo,

93 1081 166 1103 Chris-

59 1114 96 1134 tus
121 1119 165 1134 non

59 1143 100 1164 tuit
124 1143 165 1164 ho-

59 1176 124 1197 moin
130 1175 167 1196 tri-

59 1207 103 1228 duo
109 1212 166 1228 mor·

99 2002 167 2021 Frue-

63 2034 98 2053 tus
117 2037 156 2058 pas
163 2042 168 2047 ·

80 2064 149 2084 sionis

73 2094 162 2115 Christi.

185 586 226 619 ad
245 584 490 618 remediandum
504 594 636 617 omnem
651 585 854 626 superbiam,
871 585 965 617 Chri-

184 643 254 674 stus
262 649 376 683 passus
387 641 434 671 est
445 641 623 681 utrumque
638 648 744 682 genus
758 639 963 679 ignominiae,

183 696 215 726 et
226 694 260 726 in
273 703 308 726 se
318 693 459 735 patiente
466 694 516 733 ,et
529 693 563 724 in
573 693 728 725 comitatu
737 701 835 734 quem
851 692 964 724 habuit

184 750 217 780 in
227 747 389 790 passione.
405 746 582 786 Postremo,
599 746 676 787 quia
690 746 760 778 haec
775 746 885 778 omnia
898 755 965 778 non

183 801 385 842 attingebant
396 800 538 833 divinam
552 802 703 832 naturam
718 800 969 841 impassibilem,-

183 855 238 889 sed
263 855 369 888 solum
391 855 591 893 humanam;
617 855 693 886 binc
716 857 789 893 est,
817 854 904 894 quod
928 854 963 886 in

182 911 285 942 morte
305 909 420 942 Christi
441 909 486 940 sic
500 909 581 940 facta
604 910 652 940 est
672 908 787 941 divisio
805 908 924 940 animae
944 917 963 939 a

181 972 288 1003 carne,
304 964 341 995 ut
355 965 464 995 tamen
479 963 567 995 salva
582 964 664 994 esset
677 963 786 994 unitas
802 971 959 1003 personae,

181 1019 213 1049 et
234 1017 311 1050 unio
329 1019 396 1049 tam
415 1017 520 1049 carnis
539 1025 639 1058 quam
662 1016 781 1048 animae
806 1025 882 1047 cum
898 1016 960 1047 dei-

181 1072 256 1103 tate.
271 1070 310 1103 Et
325 1071 401 1112 quia
415 1071 494 1103 unio
507 1071 626 1103 animae
641 1079 716 1102 cum
738 1079 870 1111 corpore
888 1071 962 1102 facit

181 1125 362 1164 hominem,
388 1127 420 1157 et
443 1125 515 1156 facit
538 1125 668 1163 vivum;
687 1125 764 1156 hinc
783 1126 850 1163 est,
873 1125 961 1165 quod

181 1179 326 1212 Christus
340 1188 406 1211 non
420 1180 481 1211 suit
495 1180 594 1210 homo
607 1179 641 1209 in
666 1178 720 1210 illo
736 1178 863 1218 triduo,
888 1179 961 1210 licet

179 1233 289 1266 anima
303 1235 335 1265 et
348 1242 423 1265 caro
437 1235 543 1265 essent
558 1233 659 1264 unitae
674 1241 750 1263 cum
762 1231 878 1263 Verbo.
895 1231 960 1263 Un-

179 1287 234 1326 de,
253 1287 330 1328 quia
344 1296 431 1318 mors
453 1287 487 1318 in
507 1287 652 1318 humana
666 1288 799 1324 natura,
816 1295 882 1317 non
904 1295 961 1326 po-

178 1341 241 1373 tuit
266 1343 403 1372 mortem
428 1340 580 1372 inducere
606 1340 638 1371 iu
666 1349 834 1381 personam
847 1364 857 1378 ‚
886 1349 960 1380 quae

179 1403 305 1436 semper
322 1394 382 1426 ruit
396 1394 472 1426 viva
489 1405 496 1426 z
515 1394 586 1425 ideo
607 1396 734 1425 mortua
753 1396 801 1425 est
825 1403 911 1425 mors
927 1394 960 1426 in

178 1449 245 1480 vita
252 1472 262 1488 ,
286 1450 318 1480 et
342 1457 399 1489 per
421 1447 536 1480 Christi
561 1449 721 1479 mortem¹
745 1448 895 1489 absorpta
916 1450 961 1480 esc

179 1510 265 1536 mors
279 1503 317 1535 in
333 1503 471 1535 victoria
484 1527 492 1542 ‚
509 1504 540 1534 et
554 1502 698 1534 devictus
713 1502 860 1544 princeps
876 1512 958 1534 mor-

180 1557 240 1588 tis:
255 1566 291 1588 ae
305 1565 362 1597 per
371 1556 433 1588 hoc
447 1556 545 1588 homo
558 1566 578 1588 a
593 1558 706 1595 morte,
722 1558 752 1587 et
763 1565 858 1588 causa
874 1565 956 1588 mor-

181 1611 220 1642 tis
233 1635 242 1650 ‚
265 1620 323 1652 per
344 1611 497 1643 meritum
513 1612 624 1643 mortis
646 1611 781 1650 Christi,
806 1614 959 1652 tanquam

181 1674 237 1705 per
254 1665 397 1697 medium
413 1665 671 1697 efficacissimum
688 1665 851 1696 liberatus.

440 1803 618 1837 CAPUT
654 1803 696 1867 X..

182 1900 220 1927 De
231 1899 356 1935 passione
372 1898 474 1926 Christi
494 1900 623 1934 quantum
642 1898 678 1926 ad
696 1900 797 1926 exitum
811 1901 960 1934 passionis.

224 1990 267 2022 De
278 1991 367 2022 exitu
378 1992 484 2022 autem
497 1990 652 2031 passionis
660 1990 787 2029 Christi,
799 1993 829 2022 et
841 1991 962 2029 fructu,

184 2045 253 2076 haee
268 2044 484 2075 indubitanter
499 2044 634 2075 tenenda
649 2047 721 2075 sunt
730 2054 739 2084 3
757 2045 842 2085 quod
855 2046 964 2076 anima

185 2097 298 2130 Christi
322 2099 394 2138 post
418 2097 597 2138 passionem
619 2098 778 2129 descendit
798 2099 837 2129 ad
863 2099 963 2130 inser-

184 2160 282 2191 num,
298 2151 365 2183 sive
380 2151 419 2182 ad
434 2151 588 2189 limbum,
606 2151 644 2182 ad
660 2152 881 2183 liberationem
898 2162 962 2184 non

185 2205 342 2243 omnium,
360 2205 413 2236 sed
426 2214 538 2236 eorum
551 2205 606 2245 qui
622 2205 705 2236 inter
718 2205 863 2236 membra
876 2205 962 2237 Chri-

185 2259 225 2290 sti
240 2259 444 2291 decesserunt
459 2268 514 2299 per
530 2259 625 2290 tidem
640 2259 767 2298 vivam,
784 2259 835 2291 vel
852 2270 907 2300 per
924 2261 963 2291 fi-

187 2313 235 2344 dei
251 2315 460 2344 sacramenta.
479 2313 553 2345 Post
575 2313 646 2345 hzec
668 2313 759 2345 tertia
782 2314 831 2345 die
855 2323 963 2345 resur-

186 2367 270 2399 rexit
288 2376 306 2397 a
330 2367 482 2404 mortuis,
508 2367 699 2398 resumendo
723 2376 853 2407 corpus,
880 2368 966 2407 quod

187 2420 293 2461 primo
315 2420 555 2459 vivificaverat,
587 2421 641 2452 sed
670 2430 734 2451 non
763 2421 825 2451 tale
838 2445 845 2458 ,
872 2422 966 2461 quale

186 2473 279 2514 prius
300 2473 402 2504 suerat
420 2485 426 2504 z
444 2474 518 2513 quia
533 2474 622 2514 prius
637 2475 740 2504 suerat
763 2475 911 2514 passibile
935 2477 965 2506 et

189 2527 341 2565 mortale,
367 2530 474 2567 postea
495 2530 602 2559 autem
619 2528 794 2559 resurrexit
816 2529 966 2568 impassi-

189 2581 253 2612 bile
267 2582 299 2613 et
321 2581 500 2613 immortale
512 2606 520 2620 ‚
539 2583 651 2613 vivens
666 2583 829 2623 perpetuo.
849 2581 965 2613 Deinde

190 2637 261 2675 post
288 2634 504 2675 quadraginta
531 2635 598 2666 dies
624 2636 765 2668 ascendit
793 2636 832 2667 ad
853 2635 964 2675 coelos,

223 2699 227 2711 “
244 2698 252 2723 Ι
270 2697 339 2729 Corn,
353 2703 396 2728 xv,
408 2698 446 2723 35.
458 2711 487 2716 -
501 2698 533 2728 (a)
546 2698 587 2722 Al.
600 2699 674 2721 ciri-u.

1019 590 1111 631 jectis
1123 591 1232 624 decem
1246 593 1358 625 diebus
1367 618 1376 633 ‚
1391 594 1477 626 misit
1489 595 1524 626 in
1538 595 1706 637 Apostolos
1725 605 1801 638 pro-

1022 645 1157 677 missum
1173 645 1327 688 Spiritum
1342 651 1491 680 sanctum
1501 673 1509 688 ‚
1526 658 1583 690 per
1603 659 1702 691 quem
1719 659 1800 682 eon-

1022 702 1161 740 gregata
1176 702 1222 732 est
1246 700 1384 733 Ecclesia
1406 702 1574 742 gentium,
1598 705 1628 735 et
1653 704 1801 736 ordinata

1021 753 1198 785 secundum
1212 754 1353 787 diversas
1362 755 1600 789 distributiones
1615 757 1797 790 officiorum

1021 809 1053 838 et
1066 807 1258 847 gratiarum.

1061 860 1152 892 Ratio
1172 863 1280 893 autem
1298 861 1337 893 ad
1359 861 1604 903 intelligentiam
1629 865 1800 906 praedicto-

1019 923 1094 946 rum
1110 914 1179 946 haee
1194 917 1241 946 est
1259 926 1266 946 :
1284 915 1360 956 quia
1375 916 1458 948 sicut
1474 916 1634 957 Christus,
1649 919 1683 950 in
1694 929 1799 960 quan-

1019 969 1089 999 tum
1105 967 1245 1000 Verbum
1261 969 1456 1009 increatum,
1473 971 1700 1011 perfectissime
1722 982 1792 1006 om-

1019 1022 1073 1053 nia
1088 1023 1256 1061 formavit;
1283 1023 1374 1055 sicin
1395 1027 1554 1064 quantum
1576 1026 1796 1068 incarnatum,

1018 1076 1126 1107 omnia
1142 1076 1365 1116 perfectissime
1381 1079 1555 1110 reformare.
1565 1079 1685 1111 debuit.
1706 1080 1797 1113 Decet

1018 1129 1105 1160 enim
1122 1130 1387 1170 perfectissimum
1405 1132 1597 1173 principium
1611 1158 1620 1172 ,
1637 1143 1718 1174 opus
1732 1145 1798 1167 non

1018 1183 1176 1215 dimittere
1189 1185 1267 1216 citra
1278 1187 1318 1225 (a)
1334 1186 1522 1226 perfectum.
1534 1187 1647 1220 Debuit
1657 1198 1737 1229 ergo
1751 1199 1799 1221 re-

1017 1238 1214 1278 paratorium
1231 1239 1425 1279 principium
1442 1240 1669 1281 redemptionis
1684 1242 1799 1274 huma-

1017 1301 1068 1323 nze
1083 1292 1262 1323 remedium
1278 1293 1452 1334 producere
1474 1294 1513 1324 ad
1533 1294 1719 1335 perfectum.
1746 1297 1795 1328 Ad

1017 1346 1077 1378 hoc
1091 1349 1199 1377 autem
1212 1347 1296 1387 quod
1311 1350 1393 1378 esset
1409 1348 1686 1389 perfectissimum,
1705 1360 1797 1392 opor-

1016 1400 1076 1431 tuit
1097 1400 1182 1440 quod
1207 1403 1287 1432 esset
1306 1401 1613 1434 sufficientissimum
1634 1405 1665 1434 et
1688 1404 1792 1436 effica-

1016 1453 1189 1485 cissimum.
1217 1454 1297 1492 Quia
1315 1455 1641 1496 sufficientissimum,
1668 1457 1737 1489 ideo
1760 1468 1793 1490 se

1017 1507 1157 1538 extendit
1172 1507 1211 1538 ad
1225 1508 1373 1546 coelestiu,
1390 1509 1551 1539 terrestria
1567 1512 1598 1540 et
1611 1510 1793 1543 infernalia.

1017 1560 1098 1598 Quia
1112 1569 1191 1600 ergo
1207 1570 1262 1601 per
1277 1561 1437 1593 Christum
1452 1565 1526 1593 sunt
1551 1563 1719 1595 infernalia
1747 1574 1795 1596 re-

1017 1616 1183 1654 cuperata,
1207 1614 1366 1646 terrestria
1381 1615 1571 1653 remediatur,
1590 1616 1729 1648 coelestia
1749 1627 1798 1649 re-

1017 1668 1200 1708 dintegrata
1211 1680 1217 1699 :
1231 1669 1272 1700 ita
1283 1669 1367 1709 quod
1380 1669 1522 1709 primum
1533 1669 1650 1700 horum
1660 1670 1731 1701 fecit
1742 1679 1798 1711 per

1019 1723 1159 1760 veniam,
1176 1724 1352 1755 secundum
1367 1733 1424 1764 per
1444 1724 1598 1763 gratiam,
1615 1727 1645 1756 et
1668 1725 1797 1756 tertium

1018 1786 1075 1817 per
1091 1777 1249 1817 gloriatin
1266 1777 1336 1809 ideo
1352 1780 1421 1818 post
1435 1778 1612 1818 passionem
1627 1779 1734 1810 anima
1746 1780 1798 1811 de-

1019 1830 1138 1862 scendit
1150 1831 1188 1861 ad
1200 1831 1317 1862 interos
1327 1856 1334 1869 ,
1351 1831 1390 1862 ad
1401 1831 1603 1863 liberandum
1618 1832 1651 1863 in
1670 1833 1796 1865 inferno

1019 1882 1177 1920 detentos3
1204 1883 1316 1914 deinde
1341 1884 1517 1914 resurrexit
1543 1893 1561 1914 a
1577 1885 1733 1923 mortuis,
1760 1885 1798 1916 ad

1023 1936 1246 1968 vivificandum
1265 1937 1296 1966 iu
1312 1937 1446 1976 peccatis
1468 1939 1632 1975 mortuos;
1660 1938 1798 1969 ascendit

1020 1990 1059 2019 ad
1073 1989 1184 2028 coelos,
1200 1990 1380 2021 reducendo
1393 1990 1619 2029 captivitatem,
1637 1991 1676 2021 ad
1692 1991 1796 2022 redin-

1021 2043 1212 2082 tegrandum
1226 2043 1423 2073 Hierusalem
1437 2043 1596 2074 coeleslem
1609 2055 1616 2081 ;
1630 2044 1715 2075 misit
1731 2044 1799 2085 Spi-

1020 2097 1118 2126 ritum
1132 2099 1294 2134 sanetum,
1310 2096 1347 2127 iul
1359 2097 1584 2127 aedificandum
1598 2097 1797 2129 Hierusalem

1021 2152 1213 2181 terrestrem.
1244 2151 1322 2187 θυῖε
1346 2150 1453 2181 omnia
1482 2151 1658 2181 necessario
1687 2160 1798 2183 couse-

1021 2206 1178 2244 quuutur,
1203 2206 1233 2235 et
1260 2204 1440 2243 exiguntur
1455 2203 1494 2234 ad
1513 2204 1736 2236 sufficientiam
1753 2214 1800 2237 re-

1021 2258 1194 2298 parationis
1208 2258 1371 2288 humanae.

1062 2313 1183 2344 Rursus
1195 2335 1204 2349 ,
1221 2312 1294 2351 quia
1310 2311 1487 2342 remedium
1506 2311 1584 2342 illud
1606 2312 1666 2342 suit
1690 2313 1797 2344 effica-

1022 2367 1185 2397 cissimum
1197 2390 1205 2403 ‚
1222 2368 1287 2396 tam
1304 2365 1336 2395 in
1351 2374 1404 2395 eos
1419 2366 1472 2405 qui
1490 2365 1603 2396 Christi
1620 2366 1795 2397 adventum

1022 2421 1249 2461 prreeesserunt
1260 2443 1269 2457 ,
1286 2428 1384 2458 quam
1400 2419 1430 2448 iu
1455 2428 1509 2449 eos
1524 2419 1577 2458 qui
1600 2422 1795 2459 sequuntur,

1022 2475 1077 2515 qui
1093 2477 1199 2504 tamen
1214 2472 1252 2502 :ul
1268 2472 1373 2512 ipsum
1383 2472 1542 2502 Christum
1552 2475 1752 2504 accesserunt
1768 2477 1798 2505 et

1022 2527 1194 2563 accedunt,
1212 2528 1242 2556 et
1257 2527 1327 2565 ejiis
1351 2525 1494 2555 membra
1510 2525 1638 2555 suerunt
1655 2529 1684 2556 et
1710 2530 1795 2566 sunt,

1022 2582 1099 2613 tales
1113 2583 1221 2611 autem
1236 2582 1310 2610 sunt
1324 2579 1379 2619 qui
1395 2579 1557 2609 adhaereut
1573 2580 1600 2609 ei
1616 2588 1671 2619 per
1685 2580 1794 2617 fidem,

1021 2645 1110 2676 spem
1136 2636 1166 2665 et
1188 2633 1372 2664 charitatem
1394 2641 1401 2662 ε
1422 2632 1490 2662 ideo
1512 2632 1691 2663 remedium
1718 2633 1794 2664 illud

1024 2689 1141 2720 habere
1160 2687 1268 2718 debuit
1291 2686 1463 2717 efficaciam
1480 2697 1485 2715 τ
1504 2685 1607 2726 primo
1623 2686 1654 2716 iu
1672 2696 1725 2718 eos
1739 2688 1793 2727 qui
