2003 3037
90 871 159 891 Poena

53 902 145 931 peccati.

84 2053 148 2073 Nota.

717 364 1032 418 SECUNDA
1083 363 1254 415 PARS

778 491 832 513 011AE
846 490 938 508 nnclrtr
952 490 1043 508 snr'rxffl
1058 490 1186 508 SECTIONES

895 591 1058 599 *—

456 684 610 732 'SECTIO
634 696 660 729 1.

343 783 380 809 De
398 781 586 808 vulneratione
604 779 783 807 naturalium.

215 861 386 900 Postquam
401 860 509 891 visum
523 861 571 890 est
586 859 624 890 de
639 857 741 895 malo,
761 857 854 897 prout
870 858 954 887 tenet

174 915 328 946 rationem
350 914 470 955 culpae,
487 913 662 945 videndum
678 915 725 943 est
740 912 778 943 de
799 911 901 948 malo,
919 911 952 942 in

175 971 333 1010 quantum
358 969 444 999 tenet
471 967 626 998 rationem
657 975 772 1007 poenae.
800 965 852 996 Est
874 975 953 1005 crgo

174 1023 352 1054 notandum
366 1046 374 1059 ,
399 1021 484 1062 quod
504 1015 624 1051 malum
636 1044 645 1058 ‚
672 1020 739 1051 sive
767 1021 931 1059 peccatum
943 1044 952 1058 ‚

175 1077 308 1117 punitur
337 1084 431 1116 poena
464 1074 631 1114 multiplici
660 1073 691 1103 in
725 1071 893 1113 praesenti,
925 1075 955 1104 et

174 1130 270 1162 etiam
285 1130 320 1160 in
339 1129 460 1160 futuro.
478 1127 513 1158 In
531 1127 680 1168 praesenti
695 1129 801 1157 autem
823 1127 955 1166 punitur

173 1185 330 1224 quantum
343 1182 380 1214 ad
392 1182 545 1220 animam,
562 1182 592 1211 et
607 1183 764 1221 quantum
776 1181 814 1211 ad
826 1190 952 1220 corpus.

175 1237 338 1275 Quantum
360 1236 400 1267 ad
425 1235 567 1266 animam
582 1259 589 1272 ,
618 1234 752 1274 punitur
781 1234 815 1264 in
839 1234 952 1266 vulne-

174 1290 297 1322 ratione
320 1288 536 1326 naturalium,
554 1289 585 1318 et
600 1287 814 1328 expoliatione
830 1287 956 1327 gratui-

174 1345 294 1375 torum.
835 1359 849 1368 .

215 1397 378 1434 Vulnera,
407 1395 527 1436 quibus
565 1395 733 1427 vulnerata
768 1397 814 1426 est
848 1395 956 1426 anima

175 1453 304 1492 propter
326 1452 508 1492 peccatum,
525 1451 599 1480 sunt
616 1451 755 1490 quatuor
778 1449 955 1480 secundum

174 1505 303 1537 Bedam.
323 1505 403 1536 Dicit
418 1504 505 1535 enim
521 1504 604 1544 quod
621 1505 759 1544 quatuor
775 1506 850 1534 sunt
865 1505 956 1535 nobis

174 1559 295 1590 inflicta
308 1560 437 1599 propter
453 1560 619 1598 peccatum
635 1557 724 1595 Adae,
743 1557 859 1587 scilicet
871 1558 957 1588 infir-

175 1614 280 1651 mitas,
295 1612 489 1652 ignorantia,
505 1611 638 1648 malitia,
654 1613 685 1641 et
700 1611 956 1650 concupiscentia

175 1676 215 1698 ex
230 1666 280 1696 his
301 1667 462 1696 contracta
484 1666 514 1695 et
537 1664 692 1701 conflata3
710 1672 850 1703 quorum
866 1664 954 1694 suffi-

175 1721 290 1752 cientia
306 1720 350 1750 sic
371 1719 535 1759 accipitur.
553 1718 686 1754 Anima,
702 1718 782 1748 sicut
798 1718 872 1748 dicit
886 1718 956 1749 Au-

177 1774 340 1814 gustinus,
352 1775 400 1804 est
413 1773 518 1804 media
531 1772 615 1802 inter
628 1771 729 1802 Deum
740 1774 770 1803 et
783 1775 954 1803 creaturas.

178 1831 259 1861 Deus
284 1831 392 1860 autem
416 1831 463 1859 est
494 1828 716 1868 omnipotens,
743 1828 954 1866 omnisciens,

177 1892 303 1915 summe
326 1883 449 1921 bonus,
467 1882 602 1912 essentia
623 1881 792 1912 indivisus.
817 1881 957 1912 Potentia

177 1937 361 1969 attribuitur
378 1936 482 1973 Patri3
506 1935 677 1975 sapientia,
696 1934 796 1972 Fili03
822 1935 954 1974 bonitas,

178 1991 310 2031 Spiritui
334 1991 452 2020 sancto.
474 1989 627 2020 Indivisio
649 1989 687 2019 ad
713 1989 814 2019 Patris
837 1991 868 2019 et
889 1989 956 2019 Filii

177 2047 208 2076 et
222 2044 359 2085 Spiritus
381 2043 481 2074 sancti
504 2043 640 2083 pertinet
661 2042 829 2073 unitatem.
854 2043 955 2074 Aver-

176 2100 245 2128 tens
260 2106 340 2136 ergo
362 2107 395 2127 se
417 2107 435 2127 a
455 2097 516 2127 Deo
539 2097 665 2134 anima,
685 2098 714 2126 et
741 2097 779 2127 ad
796 2099 958 2127 creaturas

176 2151 336 2181 transiens
352 2159 406 2190 per
422 2159 576 2188 amorem,
594 2151 725 2180 deseren
739 2150 767 2179 lo
781 2151 956 2189 potentiam

176 2213 240 2244 qua
255 2206 356 2244 potest
369 2203 523 2243 quidquid
539 2205 650 2242 potest,
668 2204 804 2233 incurrit
818 2204 955 2234 infirmi—

177 2260 292 2295 tatem3
309 2257 483 2288 deserendo
499 2256 699 2296 sapientiam,
716 2266 779 2296 qua
792 2257 847 2287 scit
863 2257 958 2296 quid-

178 2311 255 2352 quid
280 2311 347 2347 scit‚
370 2310 505 2340 incurrit
525 2310 761 2349 ignorantiam3
786 2310 958 2341 deserendo

179 2365 375 2402 bonitatem,
400 2373 464 2404 qua
487 2363 572 2394 valet
597 2363 752 2404 quidquid
777 2364 881 2401 valet,
908 2364 957 2394 in-

180 2416 280 2447 currit
304 2415 476 2452 malitian];
498 2415 670 2445 deserendo
685 2416 893 2445 substantiam
911 2416 960 2446 in-

181 2470 317 2500 divisam
329 2493 336 2507 ,
374 2469 508 2499 incurrit
545 2469 856 2508 concupiscentiam,
897 2479 960 2509 qua

182 2522 278 2552 homo
306 2522 458 2552 dividitur
481 2522 515 2551 in
544 2522 658 2561 seipso,
687 2524 717 2552 et
741 2532 759 2552 a
787 2523 900 2562 seipso,
928 2523 961 2553 in

182 2578 323 2614 tantum,
338 2578 374 2606 ut
400 2576 547 2607 voluntas
567 2576 779 2606 sensualitatis
805 2577 961 2607 voluntati

182 2638 247 2659 non
274 2629 434 2669 subjaceat
462 2629 602 2660 rationis.
632 2629 703 2662 Non
733 2630 819 2660 enim
845 2634 852 2650 ¹
877 2631 961 2670 quot]

217 2692 313 2716 ¹Rom.,
331 2697 377 2721 vn,
395 2693 432 2716 ¹5.
445 2705 475 2709 —
488 2692 499 2708 ¹
516 2692 583 2721 Gal„
600 2698 623 2722 v,
642 2693 678 2716 17.

1009 692 1170 732 volumus,
1195 691 1252 724 hoc
1277 691 1417 731 facimus
1443 691 1575 728 bonum,
1597 699 1671 721 cum
1685 691 1696 707 ²
1719 698 1794 722 caro

1009 745 1164 778 adversus
1185 745 1339 785 spiritum
1367 745 1582 784 concupiscat.
1608 743 1662 774 Est
1685 746 1793 775 autem

1009 800 1179 831 infirmitas
1198 808 1239 830 ex
1259 799 1437 830 desertione
1452 798 1711 839 omnipotentiae,-
1729 799 1791 828 im—

1009 857 1150 897 potentia
1175 856 1340 887 resistendi
1365 855 1470 892 malis,
1496 855 1545 885 vel
1568 854 1736 886 difficultas
1760 855 1793 885 in

1009 910 1144 950 agendis
1178 909 1281 939 bonis.
1318 908 1505 948 Ignorantia
1536 917 1577 938 ex
1615 908 1794 938 desertione

1009 974 1145 995 summae
1165 963 1347 1003 sapientiae,
1365 965 1412 993 est
1428 962 1585 993 hebetudo
1602 962 1640 992 ad
1656 971 1792 1000 cognos-

1010 1019 1147 1050 cendum
1163 1028 1200 1049 ea
1212 1028 1285 1058 quae
1304 1020 1380 1048 sunt
1395 1017 1573 1048 necessaria
1588 1016 1626 1046 ad
1643 1016 1790 1047 salutem.

1010 1073 1128 1104 Malitia
1149 1082 1187 1103 ex
1203 1072 1381 1103 desertione
1396 1080 1533 1101 surnmae
1556 1070 1706 1101 honitatis
1720 1095 1728 1108 ‚
1745 1067 1793 1101 es't

1010 1127 1150 1167 pronitas
1172 1126 1222 1156 vel
1243 1125 1403 1156 inclinatio
1418 1125 1457 1155 ad
1478 1124 1609 1155 malum.
1635 1123 1793 1164 Concupi-

1011 1181 1129 1212 scentia
1155 1190 1194 1211 ex
1218 1179 1395 1210 desertione
1420 1178 1566 1208 indivisae
1589 1177 1790 1216 substantiae,

1011 1237 1059 1266 est
1083 1233 1248 1273 corruptio
1272 1232 1418 1263 dividens
1440 1231 1615 1272 appetitus,
1641 1234 1676 1261 ut
1696 1240 1795 1271 appe-

1011 1288 1089 1319 titus
1110 1286 1325 1318 sensualitatis
1347 1286 1386 1316 ab
1412 1285 1555 1326 appetitu
1577 1285 1708 1315 rationis
1729 1284 1793 1315 dis--

1012 1341 1136 1372 sentiat.
1166 1340 1313 1372 Peccavit
1338 1340 1497 1380 siquidem
1524 1348 1580 1379 per
1607 1339 1795 1369 rationalem

1012 1395 1136 1435 primus
1161 1403 1295 1435 parens,
1315 1393 1481 1424 scientiam
1506 1392 1678 1423 indebitam
1698 1402 1795 1432 appe-

1011 1449 1127 1486 tend0;
1145 1450 1176 1479 et
1187 1448 1257 1478 ideo
1272 1446 1465 1478 inrationali
1483 1447 1623 1486 potentia
1639 1448 1684 1476 est
1698 1446 1793 1486 puni-

1012 1506 1064 1534 tus
1087 1512 1142 1542 per
1167 1501 1397 1541 ignorantiam.
1422 1500 1567 1531 Peccavit
1587 1500 1619 1530 in
1645 1499 1796 1539 concupi-

1012 1557 1125 1593 scibili,
1142 1556 1318 1596 appctcndo
1331 1555 1437 1585 cibun]
1455 1555 1589 1585 vetitum
1603 1565 1609 1592 3
1629 1556 1657 1584 et
1674 1554 1745 1584 ideo
1761 1554 1793 1584 in

1013 1610 1303 1650 concupiscibiliest
1315 1609 1445 1649 punitus
1462 1618 1517 1648 per
1532 1618 1641 1639 casum
1659 1608 1690 1638 in
1706 1608 1796 1638 mali-

1013 1665 1090 1694 tiam
1101 1688 1110 1702 ,
1125 1673 1198 1704 quae
1214 1663 1328 1694 dicitur
1346 1663 1488 1702 pronitas
1509 1663 1547 1693 ad
1564 1662 1696 1692 malum.
1716 1661 1793 1692 Pec—

1014 1718 1096 1748 cavit
1109 1718 1141 1747 in
1157 1717 1319 1755 irascibili,
1330 1716 1507 1756 appetendo
1520 1716 1694 1746 indebitam
1713 1718 1796 1755 pote-

1013 1773 1142 1808 statem3
1172 1773 1203 1801 et
1233 1771 1302 1801 ideo
1332 1771 1365 1800 in
1394 1770 1543 1800 irascibili
1572 1771 1618 1800 est
1646 1769 1794 1809 punitus,

1014 1824 1152 1855 cadendo
1176 1824 1210 1854 in
1232 1824 1462 1854 infirmitatem.
1493 1823 1538 1853 Ex
1565 1823 1664 1853 tribus
1688 1824 1796 1853 ailitem

1014 1879 1190 1918 praetlietis,
1208 1878 1463 1917 concupiscentia
1484 1882 1529 1907 est
1551 1878 1696 1907 conflata.
1720 1876 1796 1907 Haeo

1014 1935 1121 1962 autem
1149 1932 1349 1971 quadruplex
1380 1940 1492 1971 prena,
1522 1930 1695 1960 vulnerans
1724 1930 1794 1960 ani-

1015 1995 1112 2022 mam,
1135 1995 1192 2025 per
1210 1985 1368 2024 originale
1397 1986 1560 2024 peccatum
1590 1984 1628 2014 ad
1656 1986 1796 2023 posteros

1015 2042 1061 2070 est
1076 2039 1273 2070 transmissa.

1297 2143 1447 2177 SECTIO
1470 2144 1512 2176 II.

1190 2228 1226 2253 Do
1244 2227 1409 2261 spoliatione
1429 2228 1621 2259 qratuttorum.

1057 2307 1209 2348 Sequitur
1232 2307 1339 2338 villere
1362 2307 1399 2337 de
1424 2307 1612 2346 spoliatione
1640 2306 1796 2345 gratuito-

1017 2372 1107 2399 rum,
1120 2372 1184 2401 qua
1199 2361 1331 2401 punitur
1346 2363 1453 2391 anima
1471 2364 1599 2400 propter
1615 2363 1793 2400 peccatum.

1018 2416 1072 2446 Est
1088 2418 1195 2446 autem
1213 2415 1356 2455 ¹spoliatio
1371 2414 1607 2453 gratuitorum,
1622 2415 1796 2444 subtractio

1020 2470 1134 2508 gratiae
1151 2471 1280 2508 gratum
1295 2468 1453 2504 faetentis,
1472 2468 1673 2497 mortificatio
1691 2468 1795 2497 meriti

1019 2523 1241 2563 praecedentis,
1259 2521 1422 2552 frustratio
1446 2521 1615 2559 sanguinis
1635 2521 1794 2551 redimen-

1019 2577 1077 2614 tis,
1097 2577 1214 2616 injuria
1236 2575 1344 2613 angeli
1367 2574 1604 2614 promoventis,
1631 2574 1796 2604 inimicitia

1022 2630 1145 2660 Domini
1161 2628 1371 2668 praesidentis,
1385 2628 1571 2658 deformatio
1587 2628 1704 2657 divina}
1721 2628 1796 2656 ima-

1023 2684 1124 2723 ginis,
1140 2682 1310 2713 honoratio
1324 2681 1479 2712 daenionis
1490 2706 1497 2720 ,
1513 2682 1649 2711 servitus
1665 2680 1795 2724 peccati,
