2003 3037
729 265 780 297 DE
802 261 1073 299 INCARNATION
1076 267 1100 299 E
1121 268 1252 302 VERBI.

185 331 255 365 huit
277 334 406 366 firmam
429 334 615 366 charitatem
640 335 671 365 et
691 341 803 365 omnes
825 334 963 366 virtutes

184 387 339 426 perfectas
354 390 512 429 quantum
525 387 564 419 ad
579 386 725 426 habitus,
744 389 775 418 et
790 387 941 419 exercitia
950 399 958 426 ;

184 449 312 474 necesse
326 442 385 474 fuit
401 441 486 483 quod
499 441 534 472 in
556 450 594 472 eo
616 442 698 472 esset
714 440 878 481 plenitudo
892 450 962 473 me-

183 494 237 526 riti
253 498 412 536 quantum
426 495 465 527 ad
480 495 511 526 id
527 503 584 536 per
606 494 693 535 quod
715 494 873 534 contingit
892 504 961 526 me-

183 548 262 587 reri,
276 548 457 589 cujusmodi
472 550 519 580 est
530 548 624 579 radix
638 548 817 588 charitatis,
828 550 859 580 et
871 551 960 581 actus

183 601 368 643 multiplicis
388 602 527 634 virtutis.
553 601 723 642 Amplius,
746 602 823 642 quia
846 602 906 634 suit
925 603 959 634 in

182 664 220 687 eo
241 656 403 696 plenitudo
423 656 539 696 gratiae
562 656 688 697 capitis,
706 665 763 696 per
778 665 877 697 quam
890 657 959 697 ple-

181 709 348 741 nissimam
375 709 490 741 habuit
523 709 724 741 influentiam
752 710 786 740 in
813 711 960 742 membra

180 771 258 802 sua;
281 763 359 794 hinc
381 765 446 802 est,
471 763 559 804 quod
587 763 817 804 plenitudinem
845 764 959 796 habuit

182 817 308 856 meriti,
325 826 390 849 non
403 819 530 849 tantum
543 819 689 858 respectu
704 818 773 857 sui,
792 819 845 850 sed
862 819 957 850 etiam

182 872 328 911 respectu
351 871 468 910 nostri,
485 871 605 912 quihus
627 871 708 902 sicut
731 873 840 903 omnia
862 873 956 913 spiriu

180 923 279 955 tualia
290 949 298 963 ⁷
317 934 390 965 quae
407 925 583 964 habemus,
600 925 708 956 influit
724 926 846 957 ratione
861 926 958 958 deita-

180 978 220 1009 tis
230 1001 240 1016 ‚
257 978 308 1022 510.
319 979 438 1010 meruit
453 979 575 1010 ratione
590 981 763 1019 assumptae
778 980 958 1012 humanita-

180 1031 221 1062 tis
237 1055 248 1070 ‚
273 1032 341 1063 sive
369 1032 433 1063 sint
454 1032 540 1063 hona
561 1034 662 1063 status
682 1034 870 1072 praesentis,
889 1034 957 1066 sive

181 1087 310 1116 aeternae
324 1085 493 1116 felicitatis.

222 1138 404 1178 Postremo,
428 1140 504 1180 quia
534 1142 697 1171 tantorum
726 1141 957 1173 charismatum

179 1192 344 1233 plenitudo
377 1193 557 1225 necessario
592 1194 729 1234 ponebat
767 1195 802 1226 in
836 1196 958 1228 Christo

180 1255 343 1277 summam
380 1249 410 1278 et
443 1247 614 1287 perfectam
639 1248 819 1279 felicitatem
843 1259 957 1281 secun-

179 1300 257 1331 dum
272 1301 321 1332 sui
336 1302 459 1341 partem
475 1301 676 1341 superiorem
687 1325 695 1340 ,
712 1302 784 1333 licet
799 1303 959 1343 dispensa-

179 1354 244 1385 tive
265 1356 394 1395 propter
418 1363 476 1385 nos
502 1356 585 1385 05501
608 1354 643 1385 111
667 1357 750 1386 statu
773 1356 856 1395 viae3
881 1357 958 1388 hinc

180 1410 227 1439 est
237 1432 245 1446 ,
262 1408 346 1448 quod
361 1408 588 1448 perfectionem
603 1409 715 1439 habuit
730 1409 837 1440 meriti
852 1419 954 1450 quan-

182 1463 253 1493 tum
275 1462 314 1493 ad
335 1462 367 1493 id
383 1461 467 1502 quod
482 1462 600 1492 meruit
615 1462 676 1492 sibi
687 1487 694 1501 ,
712 1462 788 1503 quia
802 1472 867 1494 nou
883 1464 956 1503 glo—

178 1516 260 1547 riam
271 1519 300 1547 et
310 1516 514 1547 beatudinem
529 1515 646 1547 animae
657 1520 869 1554 con-creatam.
883 1528 956 1559 quae

177 1570 366 1601 naturaliter
380 1569 497 1610 inipso
512 1579 607 1601 omne
626 1571 776 1601 meritum
794 1572 953 1610 anteibat,

177 1624 231 1655 sed
247 1624 352 1655 solum
366 1623 420 1654 illa
443 1633 517 1666 cum
532 1624 650 1663 quibus
669 1626 770 1654 slatus
785 1625 847 1656 viae
870 1628 955 1657 stare

176 1686 243 1709 non
255 1680 389 1718 poterat,
400 1677 482 1708 sicut
495 1677 609 1708 stolam
624 1677 729 1708 carnis
744 1687 817 1709 cum
829 1679 954 1718 glorifi-

128 1733 138 1741 '
177 1732 298 1763 catione
314 1740 382 1762 511εο
394 1731 670 1762 excellentissimae
686 1731 867 1771 dignitatis:
880 1733 956 1764 hinc

176 1788 240 1825 est,
257 1787 343 1827 quod
359 1786 584 1827 perfectionem
602 1785 715 1816 habuit
729 1787 833 1818 meriti
850 1797 952 1827 quan-

177 1841 247 1870 tum
265 1840 305 1871 ad
323 1840 455 1871 modum
469 1839 624 1870 merendi.
642 1839 722 1876 Quia
734 1838 823 1870 'enim
839 1841 871 1870 in
886 1840 954 1881 ipso

176 1893 216 1923 al]
239 1893 370 1925 instanti
397 1893 612 1934 conceptionis
639 1893 698 1924 fuit
726 1894 954 1933 perfectissima

177 1946 356 1986 plenitudo,
372 1947 478 1978 statim
493 1947 602 1978 omnia
618 1947 736 1978 meruit
758 1957 832 1987 quae
846 1948 952 1987 potuit

177 2002 292 2032 mereri
315 2004 462 2041 respectu
475 2001 547 2032 sui:
569 2010 605 2032 ac
624 2010 681 2041 per
703 2001 764 2032 hoc
786 2002 824 2033 de
848 2002 953 2033 debito

175 2064 241 2086 uno
255 2055 362 2094 modo,
374 2056 476 2086 facere
486 2056 589 2095 potuit
605 2056 748 2087 debitum
762 2056 822 2087 alio
838 2057 950 2095 mod0;

175 2109 213 2140 dc
232 2109 373 2140 indebito
396 2111 505 2140 autem
527 2109 686 2149 debitum,
709 2110 761 2141 vel
783 2110 822 2140 de
845 2110 951 2141 debito

177 2162 281 2201 magis
300 2162 443 2193 debitum
464 2163 567 2193 facere
581 2172 646 2193 non
661 2163 764 2203 potuit
785 2164 844 2194 sibi
855 2188 862 2201 ,
878 2164 953 2204 quia

177 2217 265 2248 nullo
288 2216 384 2247 modo
406 2216 509 2256 potuit
530 2217 564 2246 111
591 2217 756 2247 sanctitate
778 2218 950 2257 proficere,

175 2279 249 2301 cum
269 2280 288 2301 a
313 2269 470 2310 principio
494 2271 576 2300 esset
602 2270 820 2301 sanctissimus
846 2282 853 2301 ς
880 2272 954 2302 fecit

175 2327 283 2356 tamen
298 2324 360 2355 hoc
373 2323 481 2361 nohis,
503 2323 558 2363 qui
580 2323 693 2354 merito
715 2323 815 2363 ipsius
831 2325 952 2363 justifi-

177 2388 288 2411 camur
302 2388 359 2419 per
375 2379 515 2418 gratiam
528 2402 537 2417 ,
554 2381 585 2409 et
599 2379 785 2418 proficimus
803 2380 837 2410 in
857 2381 951 2419 justi-

176 2433 220 2463 tia
231 2457 238 2471 ,
253 2435 283 2464 et
297 2442 353 2473 per
369 2435 522 2464 aeternam
540 2432 677 2472 gloriam
692 2442 894 2464 coronamur.
907 2435 952 2465 Ac

63 2503 142 2523 omi,
176 2494 232 2525 per
248 2486 308 2517 hoc
324 2487 357 2517 in
373 2486 486 2517 merito
501 2486 616 2517 Christi
631 2486 770 2517 radicata
791 2489 866 2517 sunt
880 2497 949 2518 om-

71 2534 149 2584 ξξζξζζ
177 2539 230 2570 nia
244 2541 358 2571 merita
372 2542 497 2578 nostra,
513 2540 581 2571 sive
602 2540 810 2571 satisfactoria
826 2551 949 2581 poenae,

54 2595 162 2646 iffliecffig
177 2593 245 2624 sive
269 2594 431 2625 meritoria
453 2594 527 2625 vitae
547 2597 677 2626 aeternae
702 2606 708 2625 z
734 2595 810 2645 quia
832 2605 891 2626 1100
910 2596 951 2626 ab

63 2656 152 2678 Christi.
177 2646 298 2677 offensa
321 2647 440 2677 summi
458 2648 534 2678 boni
558 2648 647 2686 digni
671 2655 783 2678 sumus
808 2648 948 2687 absolvi,

176 2709 234 2731 1100
246 2700 495 2732 immensitatem
508 2702 621 2733 aeterni
631 2702 769 2742 praemii,
782 2711 856 2742 quae
867 2702 951 2733 Deus

175 2756 222 2785 est
233 2778 241 2792 ,
256 2755 348 2795 digni
366 2763 482 2786 sumus
495 2755 614 2787 lucrari
625 2781 633 2795 ⁷
651 2756 712 2786 nisi
726 2765 782 2796 per
798 2757 951 2789 meritum

1738 281 1795 312 291

1021 335 1167 368 Hominis
1182 337 1248 376 Dei,
1267 339 1318 370 cui
1336 340 1440 374 dicere
1459 352 1632 384 possumus
1652 348 1684 378 et
1703 347 1799 380 debe-

1020 391 1113 421 mus¹
1131 401 1139 422 :
1161 391 1278 425 Omnia
1296 400 1392 435 opera
1412 401 1524 431 nostra
1538 403 1687 440 operatus
1709 409 1742 435 es
1759 402 1797 435 in

1018 444 1129 484 nobis,
1144 447 1288 479 Domine.
1304 447 1389 489 Ipse,
1403 449 1552 491 inquam,
1570 455 1616 485 est
1629 453 1796 496 Dominus,

1018 498 1069 529 0111
1092 498 1252 540 Propheta
1276 501 1356 534 dixit
1375 506 1386 523 ¹
1403 514 1409 534 :
1428 504 1512 538 Dixi
1531 506 1666 540 Domino
1682 518 1694 540 .·
1713 508 1797 542 Deus

1017 559 1106 585 meus
1121 561 1153 586 es
1169 557 1206 587 tu
1216 579 1226 594 ,
1242 557 1396 596 quoniam
1410 558 1563 594 bonorum
1576 569 1718 595 meorum
1730 570 1796 596 non

1015 614 1093 646 eyes.

1240 708 1418 744 CAPUT
1451 711 1566 746 VIII.

1064 794 1103 821 De
1118 796 1246 829 passione
1266 796 1368 826 Christi
1386 800 1416 827 in
1435 802 1565 835 quantum
1583 802 1622 830 ad
1639 805 1741 832 statum

1332 845 1474 878 patientis.

1056 927 1231 969 Postquam
1245 930 1329 962 circa
1342 931 1485 964 Verbum
1497 935 1700 968 incarnatum
1713 946 1793 970 con-

1014 980 1150 1013 siderata
1175 985 1223 1014 est
1248 984 1325 1016 unio
1353 988 1568 1029 naturarum,
1594 992 1794 1024 considerata

1014 1035 1063 1065 est
1095 1035 1306 1069 nihilominus
1339 1039 1505 1079 plenitudo
1539 1043 1768 1077 charismatum
1781 1057 1790 1085 3

1014 1088 1128 1120 deinde
1155 1091 1385 1125 consideranda
1408 1097 1456 1126 est
1478 1096 1646 1130 tolerantia
1672 1101 1794 1141 passio-

1014 1151 1106 1174 num.
1129 1143 1216 1175 Circa
1231 1155 1330 1185 quam
1355 1149 1603 1183 considerandus
1624 1155 1673 1185 est
1693 1156 1794 1187 status
1809 1173 1910 1195 emim„

1014 1197 1181 1237 patientis,
1199 1201 1230 1230 et
1245 1200 1359 1232 modus
1377 1203 1537 1245 patiendi,
1553 1208 1583 1237 et
1598 1207 1704 1240 exitus
1718 1218 1793 1249 pas·
1809 1205 1914 1258 Πξζᾚ-

1015 1251 1125 1282 5101115.
1145 1252 1188 1284 De
1203 1255 1286 1285 statu
1302 1265 1380 1287 vero
1395 1258 1544 1296 patientis
1566 1260 1635 1292 haec
1656 1263 1795 1295 tenenda
1824 1269 1897 1290 *uram

1014 1308 1105 1344 sunt,
1123 1306 1258 1347 50111001,
1276 1310 1360 1349 quod
1378 1310 1520 1344 Christus
1542 1317 1714 1356 assumpsit
1729 1326 1794 1349 non
1808 1306 1916 1358 2551&AE-

1013 1361 1141 1391 tantum
1167 1361 1345 1394 humanam
1369 1368 1539 1408 naturam,
1555 1369 1610 1400 sed
1625 1371 1721 1402 etiam
1737 1371 1790 1403 de·
1821 1363 1907 1422 asfffigs

1013 1413 1115 1445 fectus
1137 1416 1221 1447 circa
1243 1419 1404 1451 naturam.
1421 1420 1603 1463 Assumpsit
1622 1424 1708 1455 enim
1723 1435 1790 1465 poe-
1831 1427 1889 1449 cim

1013 1468 1160 1501 ualitates
1184 1473 1363 1512 corporales
1381 1497 1388 1512 ‚
1419 1476 1456 1506 ut
1483 1476 1601 1508 famem
1616 1501 1624 1517 ,
1654 1479 1741 1510 sitim
1763 1483 1794 1512 et
1807 1464 1917 1513 ²533?

1013 1522 1243 1555 lassitudinem.
1269 1526 1453 1565 Assumpsit
1476 1532 1507 1561 et
1529 1531 1710 1571 spirituales
1725 1558 1733 1572 ,
1757 1537 1794 1566 ut
1818 1528 1903 1544 Νη

1012 1577 1174 1608 tristitiam
1184 1602 1193 1617 ,
1211 1580 1371 1618 gemitum
1386 1584 1416 1613 et
1429 1583 1588 1616 timorem.
1606 1586 1669 1617 Nec
1684 1589 1791 1619 tamen

1013 1639 1124 1662 omnes
1141 1634 1320 1673 corporales
1335 1637 1526 1677 assumpsit,
1549 1639 1629 1671 sicut
1648 1644 1723 1673 511111
1739 1642 1792 1674 de-

1011 1683 1113 1715 fectus
1132 1686 1366 1724 aegritudinum
1390 1691 1604 1730 corporalium
1632 1694 1789 1726 multifor-

1012 1737 1135 1776 mium3
1161 1748 1220 1770 nec
1247 1749 1358 1773 omnes
1381 1744 1582 1785 spirituales,
1609 1748 1691 1779 sicut
1716 1752 1792 1780 sunt

1010 1790 1212 1832 ignorantia,
1238 1796 1269 1825 et
1291 1796 1479 1830 rebelliones
1504 1801 1610 1832 carnis
1631 1802 1671 1834 ad
1696 1803 1788 1844 spiri-

1010 1847 1097 1883 tum;
1115 1855 1173 1877 nec
1188 1848 1484 1892 qualitercumque,
1501 1855 1577 1895 quia
1591 1855 1636 1886 510
1650 1858 1788 1888 necessi-

1009 1900 1107 1930 tatem
1122 1901 1262 1940 patiendi
1277 1906 1435 1945 suscepit,
1454 1909 1488 1938 ut
1503 1910 1612 1940 tamen
1626 1910 1708 1941 nihil
1723 1912 1788 1951 pati

1010 1956 1115 1992 posset
1144 1955 1243 1987 invite
1258 1981 1265 1995 ,
1297 1967 1355 1989 1100
1380 1962 1558 1993 secundum
1587 1964 1788 1997 voluntatem

1009 2006 1204 2048 divinitatis,
1229 2019 1288 2042 nec
1313 2014 1491 2046 secundum
1515 2017 1713 2050 voluntatem
1735 2029 1787 2051 ra-

1009 2061 1103 2092 tionis
1120 2073 1127 2093 :
1144 2063 1217 2095 licet
1231 2066 1334 2105 passio
1350 2068 1446 2100 fuerit
1462 2073 1572 2102 contra
1586 2072 1786 2106 voluntatem

1008 2119 1222 2150 sensualitatis
1239 2123 1269 2152 et
1285 2123 1389 2154 carnis
1403 2147 1410 2162 ,
1424 2125 1505 2157 sicut
1519 2128 1671 2167 exprimit
1686 2130 1787 2162 oratio

1009 2169 1198 2211 Salvatoris,
1215 2184 1289 2214 quae
1306 2176 1380 2208 dicit
1391 2178 1400 2194 ³
1417 2189 1424 2209 z
1442 2179 1513 2212 Non
1527 2182 1611 2214 sicut
1625 2191 1679 2223 eqo
1696 2184 1764 2216 volo
1777 2209 1785 2223 ‚

1007 2224 1064 2255 sect
1078 2227 1162 2259 sicut
1178 2231 1213 2259 τιι
1229 2230 1288 2260 vis.

1050 2277 1138 2309 Ratio
1153 2282 1260 2312 autem
1282 2283 1320 2314 ad
1344 2284 1591 2326 intelligentiam
1615 2292 1787 2330 praedicto-

1009 2340 1083 2362 rum
1098 2333 1168 2364 haec
1183 2337 1228 2365 est
1246 2345 1252 2366 t
1269 2337 1346 2376 quia
1366 2347 1438 2369 cum
1455 2341 1648 2382 principium
1663 2354 1788 2386 repara-

1008 2385 1112 2417 tivum
1136 2387 1170 2418 in
1191 2391 1444 2432 reconciliando,
1470 2398 1647 2429 necessario
1670 2399 1786 2432 habeat
1815 2426 1818 2428 -

1010 2440 1192 2472 mediatoris
1213 2444 1357 2475 officium
1369 2456 1376 2483 ;
1400 2447 1470 2478 ideo
1496 2458 1622 2483 necesse
1641 2455 1788 2494 estquod

1008 2492 1123 2525 habeat
1147 2498 1407 2529 convenientiam
1432 2510 1505 2532 011111
1526 2506 1663 2545 utroque
1684 2510 1789 2540 extre-

1011 2556 1137 2578 morum
1149 2574 1156 2587 ‚
1174 2559 1239 2581 non
1260 2551 1365 2583 solum
1380 2556 1538 2593 quantum
1555 2559 1595 2589 ad
1616 2563 1766 2593 naturam
1779 2587 1786 2601 ‚

1010 2609 1124 2632 verum
1139 2603 1235 2634 etiam
1250 2608 1411 2645 quantuni
1427 2608 1466 2639 ad
1481 2619 1518 2641 ea
1533 2622 1606 2652 quae
1618 2617 1693 2646 sunt
1708 2616 1790 2647 cirea

1009 2656 1171 2686 naturam.
1197 2656 1355 2694 Quoniam
1375 2670 1454 2701 ergo
1470 2663 1552 2696 Deus
1567 2670 1613 2698 est
1632 2670 1739 2708 justus
1761 2673 1791 2701 et

1043 2735 1047 2748 ¹
1068 2735 1128 2761 ssa..
1152 2743 1233 2768 xxvi,
1258 2740 1293 2763 12.
1316 2752 1347 2757 -
1374 2742 1381 2754 ³
1401 2742 1469 2767 Psal.
1494 2751 1536 2776 xv,
1560 2748 1582 2771 2.
1605 2761 1636 2767 -
1657 2750 1667 2766 Β
1686 2751 1776 2777 Mami.

1011 2775 1084 2801 xxvl,
1098 2772 1137 2796 39.
1781 2772 1788 2784 ¹
