2003 3037
775 204 823 236 DE
845 203 1059 236 CREATURA
1081 204 1218 236 MUNDl.

190 273 321 306 tertium
335 282 376 306 ex
391 274 527 314 utroque
539 274 748 314 conjunctum
758 297 766 312 ‚
783 272 902 304 scilicet
915 273 968 304 fir-

191 329 402 360 mamentum.
416 328 495 360 Cum
509 327 611 368 igitur
624 329 689 358 tres
702 327 766 363 sint
779 326 849 358 coeli
863 327 967 358 incor-

194 381 361 422 ruptibiles
372 405 380 419 ‚
403 383 435 413 et
453 382 592 422 quatuor
606 379 764 412 elementa
779 377 965 419 variabilia3

191 437 227 467 ut
242 435 297 466 fiat
311 435 416 466 debita
429 433 585 466 connexio
596 457 603 471 ‚
620 433 788 465 concordia
803 436 834 465 et
848 443 969 465 corres-

190 489 377 531 pondentia,
393 489 548 530 disposuit
563 488 646 520 Deus
661 491 783 529 septem
796 489 890 520 orbes
902 489 967 529 pla-

190 545 354 593 netarum,
370 543 424 583 qui
440 551 500 574 sua
514 542 667 574 varietate
685 545 834 574 motuum
845 566 854 581 ,
872 546 903 574 et
918 543 967 574 in-

190 596 453 637 corruptibilitate
469 597 646 627 formatum
656 620 664 635 ,
689 596 781 637 quasi
805 597 967 636 quoddam

189 650 355 682 vinculum
369 652 473 681 essent
491 653 522 680 et
530 651 682 690 junctura
698 650 886 681 inferiorum
901 650 964 680 elc-

189 703 382 735 mentarium
403 703 551 742 orbium,
577 706 607 734 et
628 704 832 744 superiorum
857 704 967 735 coeles-

189 757 288 796 tium,
303 757 343 788 ad
365 757 593 798 perficiendum
610 759 641 788 et
655 757 871 789 decorandum
895 758 968 789 uni-

189 819 319 842 versum
331 820 338 849 ;
353 811 436 851 quod
448 811 623 842 secundum
636 811 818 842 numerales
833 820 965 851 propor-

189 863 289 895 tiones
303 864 486 895 ordinatum
505 864 632 902 dicitur,
657 867 689 895 et
706 873 889 895 connexum
911 865 965 896 de-

189 918 280 948 nario
295 918 472 949 coelestium
486 918 616 949 orbium
630 921 660 949 et
680 919 887 958 quaternario
902 919 965 949 ele-

189 974 372 1002 mentorum
384 996 394 1010 ,
421 972 627 1003 reddentibus
655 972 761 1012 ipsum
786 973 965 1012 proportio-

188 1025 302 1056 naliter
323 1027 388 1056 tam
409 1025 600 1065 pulchrum,
622 1034 720 1065 quam
745 1027 920 1065 perlectum
935 1029 965 1058 ct

187 1079 391 1118 ordinatum,
406 1081 442 1110 ut
456 1088 515 1110 suo
531 1079 625 1110 modo
640 1088 738 1110 suum
758 1083 965 1119 repraesentet

188 1132 395 1173 principium.

435 1239 613 1273 CAPUT
653 1240 720 1274 IV.

247 1330 286 1356 De
303 1330 403 1356 natura
421 1329 573 1364 corporali,
594 1330 726 1363 quantum
745 1330 782 1356 ad
801 1332 910 1365 operari

497 1375 522 1400 et
541 1374 658 1407 influere.

227 1458 271 1489 De
284 1459 400 1488 natura
410 1458 582 1498 corporali,
599 1461 757 1498 quantum
772 1460 812 1490 ad
827 1461 965 1500 operari,

186 1512 246 1543 hoc
260 1511 434 1542 tenendum
450 1514 514 1549 est,
531 1511 649 1542 scilicet
664 1513 749 1552 quod
765 1513 904 1544 coelcstia
920 1514 966 1544 in-

185 1565 293 1596 fluunt
308 1565 342 1596 in
358 1566 520 1596 terrestria
530 1568 561 1596 et
571 1565 777 1596 elementaria
788 1592 795 1604 ,
808 1570 967 1607 quantum

185 1619 224 1650 ad
239 1620 455 1651 distinctivam
471 1620 742 1659 significationem
760 1622 944 1661 temporum
957 1646 965 1659 ‚

186 1673 303 1703 scilicet
316 1673 461 1710 dierum,
479 1673 639 1704 mensium
653 1697 660 1711 ‚
677 1676 707 1704 et
723 1683 896 1706 annorum.
917 1676 967 1706 Sic

186 1727 272 1757 enim
288 1727 363 1758 dicit
376 1727 541 1767 Scriptura
553 1727 574 1765 ¹,
591 1728 677 1767 quod
691 1728 764 1760 sint
779 1729 816 1760 in
831 1729 927 1769 siqua
938 1732 966 1761 ec

186 1784 348 1820 tempora,
367 1784 395 1813 et
416 1781 485 1812 dies
505 1783 535 1813 et
558 1789 672 1812 annos.
702 1781 846 1813 lnfluunt
871 1783 966 1814 etiam

185 1837 342 1875 quantum
353 1834 393 1865 ad
405 1834 585 1865 effectivam
598 1834 843 1874 productionem
855 1845 965 1867 rernm

185 1888 420 1928 generabilium
434 1890 465 1919 et
480 1888 737 1928 corruptibilium
748 1914 755 1926 ‚
774 1889 892 1920 scilicet
908 1891 966 1920 mi-

185 1942 364 1981 neralium,
395 1942 646 1982 vegetabilium,
679 1943 880 1974 sensibilium
897 1969 904 1983 ,
935 1947 966 1975 et

185 2005 358 2036 corporum
377 1996 608 2027 humanorum.
633 1997 685 2028 Sic
705 2000 815 2028 tamen
836 2001 911 2029 sunt
933 1999 966 2029 in

185 2050 281 2090 signa
292 2053 476 2090 temporum
487 2075 498 2089 ,
514 2053 546 2081 et
560 2051 710 2090 regimen
726 2052 962 2091 operationum,

186 2107 222 2135 ut
236 2113 302 2134 non
318 2103 381 2134 sint
405 2105 490 2134 certa
505 2104 602 2143 signa
623 2104 811 2135 futurorum
835 2106 964 2136 contin-

186 2157 334 2196 gentium
348 2180 355 2194 ,
377 2166 435 2187 nec
449 2157 587 2188 influant
607 2167 703 2198 super
722 2159 861 2189 liberum
878 2160 965 2190 arbi-

186 2210 286 2241 trium
301 2218 358 2250 per
368 2210 436 2241 vim
452 2210 744 2250 constellationum,
761 2221 860 2251 quam
876 2212 966 2243 dixe-

184 2266 261 2295 runt
277 2263 375 2303 aliqui
391 2263 572 2303 philosophi
588 2273 656 2295 esse
672 2264 785 2295 fatum.

226 2317 315 2348 Ratio
337 2319 444 2348 autem
463 2317 502 2348 ad
527 2318 774 2358 intelligentiam
796 2319 963 2359 praedicto-

185 2381 259 2402 rum
282 2371 353 2402 haec
367 2373 415 2402 est
433 2382 439 2402 :
457 2371 533 2411 quia
548 2380 622 2402 cum
642 2372 675 2402 in
694 2373 880 2412 corporibus
900 2383 964 2404 coe—

184 2425 318 2456 lestibus
329 2449 338 2463 ‚
360 2427 490 2464 propter
507 2426 744 2465 proximitatem
766 2427 805 2457 ad
822 2428 965 2466 primum

185 2478 390 2518 principium,
407 2478 447 2508 sit
459 2477 528 2516 lux,
547 2481 665 2518 motus,
683 2480 779 2518 calor,
798 2483 828 2511 et
843 2481 961 2512 virtus:

186 2531 242 2562 lux
253 2556 262 2570 ,
281 2532 403 2566 ratione
418 2541 484 2563 suae
500 2532 613 2563 formae
634 2535 665 2563 et
686 2534 817 2573 speciei;
836 2537 942 2566 motus
955 2560 962 2574 ,

187 2588 331 2625 respectu
341 2585 515 2625 superioris
524 2586 701 2625 inssuentis;
713 2588 809 2626 calor,
820 2592 964 2628 respectu

189 2638 344 2668 inferioris
366 2641 488 2670 naturae
505 2640 707 2679 suscipientis
722 2653 728 2678 ;
747 2641 850 2673 virtus
866 2652 942 2673 vero
955 2666 964 2680 ,

221 2701 227 2716 ¹
244 2700 441 2731 Gen.,1,14.—
455 2702 496 2725 ²11
511 2702 578 2733 Cor„
593 2709 616 2732 v,
630 2705 650 2727 1.

1745 206 1801 235 201

1022 273 1174 304 omnibus
1196 273 1298 304 modis
1321 272 1501 314 praedictis:
1526 281 1620 310 cum,
1644 271 1778 312 inquam
1792 294 1801 309 ‚

1022 327 1067 357 ita
1081 326 1142 365 sit,
1159 326 1296 357 coeleslia
1312 335 1446 366 corpora
1472 335 1528 366 per
1547 325 1658 356 lumen
1683 327 1713 356 et
1732 334 1800 356 mo-
1827 328 1917 349 Lumine

1021 382 1092 412 tum
1107 380 1226 411 suntin
1238 380 1458 411 distinctiones
1472 382 1667 420 temporum,
1685 378 1803 410 scilieet
1827 362 1917 418 {2322

1022 434 1103 473 diei,
1122 434 1300 465 secundum
1325 433 1427 464 lucem
1444 433 1525 465 Solis
1540 435 1571 464 et
1595 435 1719 463 motum
1746 432 1803 462 [ir-
1819 423 1916 474 ⁰ffi¹fffi¹³

1023 489 1191 526 mamenti3
1211 488 1345 526 mensis,
1363 488 1540 518 secundum
1564 489 1685 517 motum
1704 486 1803 517 Lunae
1821 488 1928 544 (Εἱῗὲἵιξῶ

1022 542 1055 572 in
1070 541 1188 573 circulo
1208 542 1337 581 obliquo
1359 541 1455 579 anni,
1478 540 1654 571 secundum
1679 542 1804 571 motum

1023 595 1105 627 Solis
1121 596 1155 626 in
1167 596 1279 627 eodem
1294 595 1432 633 circulo;
1452 597 1637 634 temporum
1655 603 1742 632 vero,
1760 604 1806 624 sc-

1022 650 1164 681 cundum
1188 650 1315 680 varium
1338 649 1540 689 planetarum
1570 650 1724 686 niotu1n‚-
1743 648 1805 677 ‹lis-

1021 704 1155 735 tantiam
1170 706 1201 734 et
1216 712 1424 740 concursum,
1441 711 1610 733 ascensum
1626 704 1657 732 et
1672 702 1801 732 descen-

1024 767 1107 796 sum,
1122 757 1434 797 retrogradationem
1444 759 1475 787 et
1486 759 1615 795 statum,
1628 765 1669 787 ex
1682 756 1802 796 quibus

1025 812 1128 843 oritur
1151 812 1318 843 diversitas
1336 812 1370 842 in
1391 811 1600 851 temporibus.
1620 810 1678 841 Per
1700 811 1803 842 virtu-
1821 819 1928 854 calor-zet

1025 869 1090 897 tem
1107 869 1215 897 autem
1229 869 1260 897 et
1280 866 1419 896 calorem
1434 865 1578 895 influunt
1603 865 1643 896 ad
1666 865 1800 905 produc·
1820 853 1929 908 ‘¹2¹2‘wa

1022 920 1143 951 tionem
1157 929 1287 957 eorum,
1311 929 1385 959 quae
1400 919 1567 950 elementis
1584 921 1801 958 generantur,
1822 914 1925 967 1¹.'1·'.'i.nrca

1023 974 1211 1011 excitando,
1240 973 1475 1013 promovendo,
1503 972 1701 1003 conciliando
1726 984 1732 1003 :
1762 973 1805 1003 ita
1831 974 1920 994 fflhwsst

1024 1028 1108 1068 quod
1116 1027 1292 1058 secundum
1302 1027 1559 1058 conciliationem
1566 1027 1803 1057 csmtrariorum
1822 1011 1928 1063 {⁰205ss-

1023 1082 1063 1112 ab
1082 1081 1264 1121 aequalitate
1283 1083 1444 1111 remotam
1457 1105 1465 1118 ,
1484 1081 1626 1111 influunt
1647 1081 1679 1111 in
1701 1081 1805 1111 mine·
1864 1075 1868 1079 ’

1023 1135 1122 1172 ralia3
1145 1134 1323 1165 secundum
1342 1134 1596 1165 conciliationem
1620 1135 1659 1165 ab
1674 1134 1806 1174 aequali-

1024 1190 1088 1219 tate
1104 1188 1211 1219 minus
1224 1188 1457 1227 longinquam,
1475 1188 1507 1218 in
1526 1188 1717 1227 vegetabilia
1731 1199 1738 1226 ;
1756 1198 1804 1219 se-

1024 1243 1166 1273 cundum
1200 1242 1455 1273 conciliationem
1484 1241 1658 1281 aequalitati
1695 1242 1804 1282 proxi-

1024 1298 1166 1327 mantem
1179 1320 1188 1334 ,
1206 1296 1240 1326 in
1254 1295 1433 1334 sensibilia,
1449 1295 1628 1326 secundum
1644 1305 1721 1326 vero
1736 1305 1806 1326 con—

1024 1349 1217 1381 ciliationem
1235 1350 1413 1391 aequalem,
1430 1350 1464 1380 in
1485 1359 1618 1390 corpora
1638 1351 1802 1388 humana,

1024 1413 1097 1444 quae
1113 1404 1264 1444 disposita
1273 1406 1347 1435 sunt
1357 1404 1397 1435 ad
1406 1404 1638 1435 nobilissimam
1650 1404 1786 1434 formam
1793 1428 1803 1443 ,

1023 1467 1097 1498 quae
1113 1460 1159 1489 est
1174 1458 1281 1489 anima
1295 1458 1461 1489 rationalis
1479 1469 1484 1489 :
1503 1458 1543 1489 ad
1557 1468 1654 1497 quain
1673 1458 1803 1489 ordina·
1862 1497 1865 1500 ἢ

1024 1515 1076 1542 tur
1098 1515 1128 1543 et
1154 1512 1346 1542 terminatur
1370 1512 1528 1552 appetitus
1552 1512 1656 1542 omnis
1679 1499 1930 1552 nillut·ae1¹{}us3‡,]‚

1024 1566 1181 1596 sensibilis
1194 1568 1226 1596 et
1241 1565 1415 1605 corporalis
1428 1590 1434 1603 ,
1449 1568 1485 1596 ut
1500 1575 1556 1605 per
1567 1575 1637 1596 eam
1646 1590 1653 1603 ,
1672 1575 1745 1605 quae
1758 1568 1805 1596 est
1820 1559 1927 1611 *¹⁰35*

1024 1620 1127 1650 forma
1141 1629 1198 1650 ens
1211 1643 1218 1656 ‚
1237 1619 1369 1657 vivens,
1387 1619 1543 1656 sentiens,
1561 1622 1592 1649 et
1606 1619 1803 1658 intelligens,

1023 1675 1116 1715 quasi
1133 1675 1173 1706 ad
1190 1675 1324 1705 modum
1338 1675 1448 1706 circuli
1467 1675 1696 1714 intelligibilis,
1714 1676 1805 1706 redu-

1023 1730 1113 1757 catur
1128 1727 1166 1757 ad
1182 1736 1278 1757 suum
1296 1727 1489 1767 principium
1501 1751 1510 1765 ,
1528 1728 1560 1757 in
1577 1736 1641 1766 quo
1657 1728 1802 1767 perlicia-

1023 1783 1075 1811 tur
1086 1783 1117 1811 et
1129 1781 1338 1811 beatificetur.
1354 1780 1391 1810 Et
1403 1780 1556 1820 quoniam
1569 1781 1601 1811 in
1615 1781 1691 1811 illud
1705 1781 1804 1812 tendit
1836 1789 1914 1824 limei-

1023 1843 1078 1874 per
1094 1834 1231 1864 liberum
1259 1834 1447 1872 arbitrium,
1474 1834 1563 1871 ideo,
1585 1837 1743 1874 quantum
1765 1836 1804 1866 ad
1844 1822 1910 1872 ῗῗζζξῗ

1023 1888 1150 1919 arbitrii
1167 1888 1365 1925 libertatem,
1389 1887 1540 1927 praecellit
1555 1897 1684 1919 omnem
1700 1889 1802 1919 virtu·
1827 1882 1919 1903 ‘'³¹'¹¹³“¹¹'·

1023 1944 1088 1972 tem
1103 1941 1300 1981 corporalem
1315 1952 1321 1972 :
1334 1951 1370 1971 ac
1381 1950 1437 1981 per
1450 1941 1510 1971 hoc
1521 1944 1635 1971 cuncta
1645 1945 1718 1972 nata
1730 1946 1804 1973 sunt

1023 1996 1082 2026 sibi
1097 1995 1238 2033 servire;
1264 1994 1345 2024 nihil
1362 1996 1471 2025 autem
1496 1995 1556 2024 sibi
1572 1995 1730 2026 dominari
1745 1997 1804 2026 ha-

1022 2050 1090 2087 bet,
1107 2049 1167 2079 nisi
1183 2049 1269 2079 solus
1282 2048 1378 2087 Deus,
1392 2058 1455 2079 non
1472 2048 1590 2086 fatum,
1607 2049 1675 2079 sive
1690 2050 1738 2080 vis
1751 2059 1804 2090 po-

1022 2101 1144 2132 sitionis
1164 2101 1315 2132 siderum.
1341 2100 1379 2131 Et
1395 2102 1562 2140 propterea
1585 2100 1804 2132 indubitanter

1023 2165 1138 2186 verum
1148 2157 1209 2194 est,
1225 2155 1310 2195 quod
1324 2164 1437 2185 sumus
1448 2155 1520 2185 finis
1530 2156 1676 2186 omnium
1690 2166 1800 2187 eorum

1022 2218 1096 2249 quae
1119 2212 1213 2246 sunt,
1236 2212 1267 2239 et
1291 2209 1399 2239 omnia
1418 2208 1595 2248 corporalia
1619 2209 1699 2239 facta
1727 2214 1804 2240 sunt

1023 2265 1062 2295 ad
1076 2265 1258 2295 humanum
1275 2264 1467 2303 obsequium
1478 2287 1487 2301 ,
1508 2266 1541 2294 ut
1556 2273 1596 2294 ex
1615 2264 1677 2294 illis
1697 2266 1803 2295 omni-

1022 2319 1083 2349 bus
1094 2319 1284 2348 accendatur
1294 2318 1392 2348 homo
1401 2317 1439 2347 ad
1448 2317 1645 2348 laudandum
1657 2321 1687 2349 et
1694 2328 1803 2349 aman-

1022 2373 1099 2403 dum
1112 2372 1264 2402 factorem
1275 2372 1513 2409 universorum,
1528 2373 1577 2411 cuj
1585 2382 1620 2402 us
1635 2373 1802 2411 providen-

1024 2427 1065 2456 tia
1081 2428 1194 2456 cuncta
1208 2426 1433 2465 disponuntur.
1453 2425 1527 2455 Haec
1542 2428 1649 2456 aulem
1666 2427 1800 2467 sensibi-

1022 2480 1060 2510 lis
1074 2479 1288 2519 corporalium
1308 2478 1455 2508 machina
1474 2481 1520 2509 est
1535 2483 1688 2518 tanquam
1711 2489 1802 2519 quae-

1022 2537 1096 2567 dam
1117 2536 1232 2566 domus
1247 2545 1264 2565 a
1282 2543 1411 2564 summo
1431 2534 1542 2572 opifice
1560 2534 1683 2564 homini
1699 2535 1796 2564 fabri-

1022 2592 1107 2628 cata,
1132 2589 1231 2619 donec
1253 2588 1291 2617 ad
1307 2587 1437 2618 domum
1453 2591 1462 2605 2
1475 2588 1582 2618 veniat
1606 2596 1668 2619 non
1689 2597 1797 2618 murm-

1025 2645 1143 2682 (actam
1158 2643 1194 2674 in
1209 2642 1295 2673 coelis
1308 2665 1315 2679 ,
1332 2643 1366 2671 ut
1383 2641 1464 2671 sicut
1483 2642 1589 2671 anima
1609 2642 1702 2672 niodo
1713 2666 1720 2679 ‚
1748 2651 1799 2671 ra-

1026 2697 1108 2728 tione
1123 2695 1263 2735 corporis
1279 2697 1309 2725 et
1324 2697 1424 2725 status
1441 2695 1559 2731 meriti,
1587 2704 1672 2725 nunc
1696 2698 1743 2726 est
1767 2695 1799 2726 in

1837 1465 1913 1486 Anima
