2003 3037
30 587 122 609 institu-

22 619 89 640 tionis
98 625 131 640 sa-

23 656 124 672 crumen-

39 683 113 703 torum

40 715 119 736 modus

22 747 129 768 diversus.

650 186 699 218 DE
721 184 913 217 MEDICINA
934 184 1256 218 SACRAMENTALI.

144 254 198 293 tis,
222 254 276 286 sed
298 263 363 287 non
387 264 513 296 semper
534 253 707 286 efficaciam
731 252 920 291 curationis;

150 316 216 339 non
242 310 372 349 propter
394 309 550 342 desectum
573 317 592 339 a
621 308 712 348 parte
735 306 796 345 sui,
825 306 877 337 sed
905 315 923 337 a

144 362 232 401 parte
253 361 462 403 suscipientis.
484 360 622 392 Instituit
637 361 745 391 autem
769 359 923 400 praedicta

144 417 343 447 sacramenta
369 414 580 447 diversimode
600 423 608 445 t
632 413 781 455 quaedam
807 413 924 444 scilicet

145 477 185 499 ex
198 468 243 499 eis
257 467 485 507 confirmando,
497 467 714 508 approbando,
727 469 758 498 et
773 475 924 498 consum-

145 522 280 561 mando,
302 524 338 554 ut
356 521 598 553 matrimonium
623 523 655 552 et
675 520 894 560 poenitentiam
914 531 920 559 ;

145 575 293 616 quaedam
306 576 414 608 autem
434 575 627 607 insinuando
642 576 673 606 et
694 574 849 605 initiando
861 599 870 613 ,
887 576 924 606 ut

145 628 422 661 confirmationem
445 630 476 660 et
500 629 685 660 unctionem
709 629 888 660 extremam
913 639 919 666 ;

145 682 294 722 quaedam
316 691 394 714 vero
418 682 573 713 initiando
597 684 628 713 et
649 682 920 720 consummando,

145 735 219 766 etin
228 735 398 777 semetipso
413 735 626 776 suscipiende,
639 738 674 767 ut
685 736 922 767 sacramentum

145 788 305 829 baptismi,
321 789 534 828 eucharistiae,
551 793 581 821 et
595 790 725 821 ordinis.
746 788 820 820 Haec
836 789 922 820 enim

144 843 206 874 tria
222 845 253 874 et
268 843 360 884 plene
374 843 530 882 instituit,
552 845 580 874 et
595 843 691 874 etiam
705 843 830 883 primus
850 851 920 874 sns-

145 897 237 937 cepit.

185 951 276 984 Ratio
300 953 409 983 autem
429 951 470 983 ad
492 951 739 991 intelligentiam
754 951 922 991 praedicto-

144 1015 238 1044 rum,
253 1006 331 1046 hhaec
353 1007 422 1037 est:
446 1005 524 1046 quia
547 1004 741 1045 principium
767 1005 920 1044 reparati-

148 1069 223 1092 vum
238 1062 386 1091 nostrum
400 1061 448 1090 cst
464 1059 608 1091 Christus
631 1058 821 1096 crucifixus,
843 1058 922 1090 Ver-

144 1114 223 1145 bum
237 1113 354 1145 scilicet
362 1114 575 1153 incarnatum,
589 1114 674 1154 quod
691 1113 766 1154 quia
778 1113 922 1145 Verbum

145 1172 190 1200 cst
218 1169 303 1201 Patri
323 1169 484 1210 coaequale
503 1171 534 1200 et
563 1168 848 1207 consubstantiale,
877 1171 924 1199 est

144 1224 281 1254 verbum
298 1232 435 1255 summae
451 1223 593 1262 virtutis,
609 1232 746 1254 summae
761 1223 903 1254 veritatis
914 1248 921 1260 ,

145 1279 175 1308 et
183 1286 319 1308 summae
326 1277 486 1316 bonitatis,
495 1286 531 1308 ac
538 1286 593 1318 per
601 1277 698 1308 hocet
707 1286 843 1308 summae
851 1286 923 1307 auc-

147 1331 278 1362 toritatis
290 1341 296 1362 :
309 1333 340 1362 et
348 1331 420 1362 ideo
428 1331 527 1371 ipsius
538 1332 584 1361 est
596 1331 721 1371 proprie
731 1339 854 1362 novum
866 1333 924 1362 tes-

145 1386 325 1415 tamentum
335 1384 537 1415 introducere
544 1395 551 1422 ;
563 1384 664 1424 ipsius
678 1385 725 1415 est
735 1384 830 1415 etiam
847 1385 923 1415 dare

144 1438 250 1478 legem
265 1427 427 1477 integram
441 1439 472 1469 et
486 1438 695 1469 sufficientem
714 1462 721 1477 ‚
746 1438 922 1469 secundum

144 1492 342 1532 exigentiam
356 1500 494 1523 summae
509 1492 650 1530 virtutis,
666 1494 696 1523 ct
713 1492 869 1531 veritatis,
888 1502 923 1523 ac

145 1545 294 1577 bonitatis
309 1554 388 1576 suae.
405 1544 536 1576 Ratione
551 1545 653 1585 igitur
674 1555 812 1577 summae
829 1546 923 1577 boni-

144 1599 235 1637 tatis,
256 1598 413 1639 promissa
432 1599 598 1639 proposuit
615 1599 843 1638 beatificanti1;
870 1609 921 1631 ra-

144 1655 230 1685 tione
245 1655 353 1685 autem
368 1662 505 1684 summae
518 1653 681 1692 veritatis,
697 1656 856 1694 praecepta
871 1655 923 1685 de-

145 1709 191 1739 dit
205 1707 392 1747 dirigentia;
409 1707 532 1738 ratione
541 1716 618 1738 vero
630 1717 767 1739 summae
783 1708 920 1747 virtutis,

145 1763 343 1793 sacramenta
361 1761 471 1792 statuit
496 1761 761 1793 adminiculantia
789 1774 794 1793 :
822 1765 858 1794 ut
880 1763 923 1794 sic

144 1825 200 1855 per
223 1817 419 1846 sacramenta
439 1815 543 1846 virtus
564 1818 767 1855 repararetur
793 1817 833 1847 ad
858 1817 923 1847 iin-

91 1869 93 1871 ’
144 1869 257 1910 plenda
270 1870 428 1909 praecepta
441 1868 628 1907 dirigentia,
646 1871 676 1899 ct
692 1878 747 1909 per
766 1872 924 1910 praecepta

144 1923 298 1955 directiva
312 1921 535 1962 perveniretur
550 1922 590 1952 ad
609 1923 765 1962 promissa
787 1925 920 1962 mterna,

143 1976 276 2007 iaciente
296 1975 356 2007 hoc
370 1975 475 2007 Verbo
500 1978 621 2007 aeterno
647 1975 794 2014 Christo,
808 1977 924 2007 scilicet

145 2029 293 2066 Domino,
304 2029 337 2060 in
351 2029 423 2068 lege
434 2028 640 2069 Evangelica,
651 2030 685 2060 in
696 2032 852 2070 quantum
862 2033 923 2061 est¹

145 2083 216 2120 via,
231 2083 355 2115 veritas
370 2085 399 2114 ec
413 2084 492 2115 vita.

187 2135 309 2167 Rursus
326 2158 334 2175 ,
363 2137 516 2176 quoniam
551 2137 770 2176 reparativum
802 2139 922 2177 princi—

145 2189 234 2229 pium
258 2198 323 2220 non
345 2189 450 2220 solum
474 2191 522 2220 est
542 2189 684 2220 Verbum
708 2190 741 2220 in
765 2193 923 2230 qnantum

144 2242 302 2282 Verbum,
315 2243 370 2274 sed
380 2243 521 2281 etiamjn
531 2244 688 2282 quantum
705 2243 920 2283 incarnatum,

145 2297 230 2337 quod
242 2321 250 2335 ,
267 2297 328 2328 hoc
342 2297 410 2337 ipso
426 2297 510 2337 quod
527 2296 730 2328 incarnatum
744 2321 752 2335 ,
771 2299 923 2329 omnibus

146 2360 179 2381 se
194 2351 286 2381 offert
307 2352 465 2391 quantum
480 2351 520 2382 ad
539 2351 685 2382 notitiam
707 2352 863 2390 veritatis,
893 2356 923 2383 ot

146 2404 296 2435 omnibus
316 2404 415 2444 digne
438 2404 661 2435 accedentibus
684 2415 716 2435 se
738 2406 867 2436 exlrbet
884 2407 922 2437 ad

146 2458 283 2497 gratiam
293 2458 486 2496 curationis3
497 2458 574 2488 hinc
587 2459 728 2499 estquod
745 2460 755 2475 ²
770 2463 923 2499 tanquam

144 2511 274 2550 plenum
287 2513 402 2552 qratioe
416 2513 614 2550 etverz'cacis,
632 2513 669 2542 ad
686 2514 840 2552 maJ'orem
854 2515 921 2544 evi-

147 2564 285 2594 dentiam
308 2565 508 2605 signifieandi
527 2567 558 2596 et
582 2566 754 2597 effinaeiam
782 2568 920 2597 sanctiti-

182 2643 282 2671 Μίνω,
299 2651 351 2673 xiv,
364 2646 385 2669 6,
397 2659 426 2663 -
438 2646 445 2660 ²
459 2647 541 2676 Joan„
558 2653 575 2677 1,
594 2648 627 2670 tsi.
642 2661 667 2664 -
681 2647 690 2663 ³
701 2647 800 2678 Massi„
816 2654 869 2678 xri,
886 2650 919 2672 15³.

147 2692 177 2696 κ-
188 2680 196 2695 ’·
207 2680 270 2710 ΑΜ.)
287 2686 306 2710 Ι,
321 2681 344 2704 5.
355 2692 385 2698 —
400 2682 409 2698 ⁵
424 2682 513 2712 Marc„
530 2688 565 2711 vi,
585 2684 621 2709 13,

1702 188 1761 217 315

981 252 1091 291 candi,
1109 255 1310 285 sacramenta
1330 253 1469 285 instituit
1487 253 1520 284 in
1535 252 1701 285 elementis
1717 252 1759 284 si-

981 306 1049 336 mul
1060 330 1068 344 ,
1086 308 1117 337 et
1133 306 1238 337 verbis
1253 317 1258 338 :
1277 309 1314 338 ut
1329 307 1407 338 dum
1422 307 1580 339 elementa
1594 307 1695 339 oculis
1706 330 1714 344 ‚
1730 309 1762 338 et

981 357 1081 388 verba
1106 358 1240 389 auribus
1260 367 1293 389 se
1324 358 1495 397 offerrent,
1520 358 1576 400 qui
1601 361 1676 390 sunt
1698 358 1761 390 (luo

973 419 1092 442 sensus
1120 412 1262 442 maxime
1292 412 1500 451 cognoscitivi
1520 436 1530 451 ,
1567 412 1761 444 evidentiam

980 465 1343 505 darentsignisscationis
1352 475 1510 506 expressae
1523 477 1530 504 ;
1543 466 1656 498 deinde
1664 466 1760 497 etiam

982 520 1079 550 verba
1093 519 1327 551 sanctificarent
1337 520 1507 559 elementa,
1519 522 1556 551 ut
1567 519 1689 560 plenior
1703 520 1759 551 fie-

980 574 1028 603 ret
1043 572 1181 604 esficacia
1195 573 1370 604 curationis
1383 573 1534 605 humanae
1559 585 1565 605 ε
1588 582 1662 614 quae
1679 583 1759 614 quo-

981 626 1068 657 niam
1085 627 1165 658 nulli
1182 627 1276 658 datur
1291 627 1488 668 repugnanti
1505 629 1535 658 et
1554 627 1761 668 impugnanti

980 681 1101 712 fontem
1122 681 1237 720 gratiae
1261 681 1397 712 interius
1420 681 1454 712 in
1478 681 1590 719 corde;
1616 681 1686 712 ideo
1717 680 1762 711 sie

980 736 1125 766 instituta
1146 737 1240 775 sunt,
1271 738 1306 767 ut
1334 736 1556 776 significarent
1580 744 1706 776 semper
1731 736 1762 766 et

980 789 1215 828 universaliter,
1232 799 1297 821 non
1312 793 1420 821 autem
1430 789 1682 827 sanctificarent,
1700 788 1760 818 nisi

980 843 1162 874 accedentes
1178 844 1275 883 digne
1291 844 1411 884 absque
1426 843 1513 875 omni
1529 843 1665 874 fictione.

1021 897 1197 935 Postremo,
1216 898 1368 938 quoniam
1385 898 1442 928 etsi
1462 897 1601 929 Verbum
1615 897 1760 928 incarna-

980 952 1051 981 tum
1074 951 1114 981 sit
1136 951 1204 982 fons
1231 951 1346 990 gratiae
1370 950 1628 987 sacramentalis,
1653 950 1760 990 aliqua

980 1007 1087 1036 tamen
1111 1006 1218 1045 gratia
1232 1005 1470 1036 sacramentalis
1484 1005 1544 1036 fuit
1559 1007 1632 1036 ante
1655 1005 1761 1035 incar-

981 1059 1143 1090 nationem
1155 1070 1161 1097 ;
1174 1059 1281 1100 aliqua
1296 1068 1373 1090 vero
1384 1069 1448 1090 non
1459 1059 1520 1089 nisi
1536 1061 1605 1099 post
1621 1058 1760 1098 Spiritus

980 1113 1079 1143 saneti
1107 1113 1314 1150 missionem3
1344 1113 1492 1152 quaedam
1522 1114 1630 1160 antei-n
1656 1111 1759 1142 medio

981 1166 1075 1197 modo
1095 1175 1128 1197 se
1154 1167 1277 1198 habens
1296 1178 1301 1198 :
1321 1167 1396 1198 hinc
1419 1169 1481 1204 est,
1508 1166 1594 1206 quod
1619 1166 1760 1206 oportuit

980 1222 1180 1251 sacramenta
1201 1220 1322 1251 institui
1345 1220 1571 1251 diversimode.
1590 1219 1671 1250 Nam
1686 1221 1760 1250 ante

980 1275 1229 1306 incarnationem
1258 1275 1437 1306 necessaria
1466 1275 1526 1305 suit
1557 1274 1759 1314 compunctio

979 1329 1215 1369 poenitentialis,
1229 1330 1394 1369 generatio
1407 1329 1648 1360 matrimonialis
1663 1338 1672 1368 ;
1689 1329 1759 1360 ideo

979 1383 1048 1414 haec
1063 1384 1127 1415 duo
1142 1386 1341 1415 sacramenta
1362 1393 1427 1415 non
1443 1384 1481 1414 de
1495 1392 1579 1414 novo
1602 1383 1738 1414 instituit
1748 1407 1758 1421 ,

979 1437 1031 1467 scd
1043 1438 1113 1476 Jam
1127 1447 1146 1468 a
1162 1447 1194 1468 se
1216 1437 1362 1468 instituta
1374 1462 1382 1476 ,
1399 1439 1431 1468 et
1453 1437 1592 1468 naturali
1614 1437 1758 1468 dictami-

980 1500 1019 1522 ne
1031 1491 1070 1531 (α)
1087 1492 1227 1531 quodam
1242 1492 1336 1522 modo
1351 1492 1507 1531 impressa
1522 1492 1758 1522 consummavit

979 1546 1010 1574 et
1025 1545 1229 1575 confirmavit
1244 1545 1276 1575 in
1289 1545 1361 1584 lege
1376 1545 1588 1584 Evangelica,
1607 1545 1685 1575 dum
1698 1554 1760 1584 poe-

979 1598 1146 1628 nitenti-an]
1170 1599 1375 1638 praedicavit,
1397 1601 1428 1629 et
1453 1599 1572 1638 nuptiis
1598 1599 1759 1637 interfuit,

979 1654 1010 1682 et
1036 1652 1144 1691 legem
1176 1652 1318 1692 conjugii
1344 1652 1554 1692 approbavit,
1584 1653 1758 1683 secundum

979 1705 1063 1745 quod
1088 1705 1252 1744 colligitur
1267 1715 1307 1736 ex
1322 1706 1456 1737 diversis
1478 1706 1645 1745 Evangelii
1671 1706 1757 1736 loeis.

979 1758 1061 1789 Ante
1084 1768 1161 1790 vcro
1191 1759 1329 1799 Spiritus
1348 1760 1448 1790 sant-ti
1473 1760 1676 1798 missionem,
1703 1769 1760 1791 nee

979 1812 1038 1843 fuit
1054 1813 1149 1853 plena
1170 1812 1306 1853 Spirltus
1322 1814 1421 1844 sancti
1442 1813 1572 1844 donatio
1588 1814 1627 1844 ad
1643 1814 1760 1844 contir-

981 1869 1166 1907 mationem,
1184 1871 1213 1899 ct
1225 1869 1365 1900 nominis
1381 1869 1493 1900 Christi
1510 1870 1670 1909 publicam
1684 1879 1758 1901 con-

979 1921 1166 1958 fessionem,
1198 1930 1256 1951 nec
1280 1921 1388 1951 unctio
1409 1922 1526 1952 inentis
1555 1922 1698 1961 plenaria
1721 1922 1758 1952 ad

979 1974 1191 2005 evolationem
1208 1986 1214 2006 :
1230 1975 1300 2006 ideo
1315 1975 1385 2006 haec
1397 1975 1461 2006 duo
1476 1977 1686 2014 sacramenta,
1702 1976 1760 2006 sci-

979 2028 1051 2059 licet
1074 2029 1354 2059 confirmationem
1376 2031 1407 2060 et
1431 2031 1608 2060 extremam
1632 2030 1758 2060 unctio-

979 2092 1066 2120 nem,
1085 2082 1229 2113 Christus
1244 2082 1349 2112 solum
1366 2082 1503 2113 initiavit
1515 2085 1545 2114 et
1558 2083 1733 2114 insinuavit
1751 2094 1756 2113 :

979 2136 1270 2173 continuationem,
1289 2145 1422 2166 manum
1438 2137 1581 2176 parvulis
1596 2137 1760 2177 imponen-

979 2192 1019 2221 do
1036 2191 1056 2228 ³,
1074 2193 1103 2221 et
1121 2190 1321 2230 praedicendo
1334 2191 1344 2207 ³
1367 2191 1536 2230 discipulos
1556 2190 1760 2231 baptizandos

980 2244 1100 2284 Spiritu
1116 2246 1243 2281 sancto3
1263 2244 1444 2275 unctionem
1460 2253 1537 2274 vero
1557 2246 1734 2275 extremam
1750 2269 1757 2282 ‚

980 2298 1149 2338 discipulos
1172 2298 1211 2329 ad
1229 2298 1409 2328 curandum
1429 2298 1600 2336 mittendo,
1627 2299 1682 2338 qui
1706 2299 1759 2329 in-

980 2350 1089 2381 firmos
1099 2352 1259 2391 unqebcmt
1269 2351 1345 2390 oleo,
1358 2352 1439 2382 sicut
1451 2352 1565 2383 dicitur
1577 2354 1610 2383 in
1619 2353 1726 2385 Mm’co
1736 2354 1757 2383 ⁵.

979 2404 1080 2434 Medio
1096 2407 1203 2435 autem
1223 2407 1366 2445 tempore
1378 2428 1387 2443 ,
1411 2407 1440 2436 et
1455 2406 1515 2436 suit
1537 2407 1756 2445 regeneratio,

979 2460 1009 2489 et
1025 2458 1174 2489 Ecclesia}
1189 2459 1345 2489 ordinatio
1357 2483 1364 2497 ‚
1382 2461 1412 2490 et
1427 2460 1602 2499 spiritualis
1618 2460 1733 2491 cibatio
1750 2472 1755 2496 ;

979 2512 1049 2542 ideo
1066 2512 1208 2543 Christus
1224 2512 1293 2542 haec
1316 2513 1376 2542 tria
1401 2515 1619 2551 sacramenta,
1642 2514 1758 2544 scilicet

978 2566 1149 2605 baptismi,
1167 2566 1388 2604 eucharis-tiae,
1412 2570 1442 2597 et
1457 2568 1592 2605 ordinis,
1615 2570 1645 2598 et
1670 2577 1756 2597 com-

979 2621 1079 2659 plete,
1101 2622 1131 2650 et
1146 2620 1230 2650 clare
1256 2620 1394 2651 instituit
1411 2631 1417 2651 :
1437 2621 1539 2661 primo
1561 2622 1755 2660 baptismum

1012 2686 1045 2715 (a)
1062 2685 1122 2709 Coet,
1136 2683 1196 2707 edit.
1210 2683 1350 2708 dictamini.
