2003 3037
140 268 174 288 tu
202 269 245 288 Eo-

160 299 234 320 etenim

263 195 322 226 330

261 260 422 299 Ecclesiae,
434 260 496 292 etsi
511 261 620 293 omnia
639 264 839 294 sacramenta
857 264 934 294 sunt
946 271 1036 294 com-

139 330 166 351 ad
173 331 246 352 mm.
261 315 368 352 missa,
375 314 540 355 potissime
546 315 694 356 conjugii
704 317 940 347 sacramentum
951 325 1036 348 com-

156 362 226 383 rand·

151 394 229 415 matri-

156 424 226 446 monii

135 456 195 483 jin-a.

259 368 394 399 missum
407 369 455 399 est
469 367 685 408 regulandum
695 393 706 408 ‚
721 370 852 410 propter
865 369 1036 401 varietates

257 430 332 462 quae
346 421 431 452 circa
454 421 516 453 hoc
537 424 774 454 sacramentum
797 423 936 454 incidere
958 432 1036 464 pos-

257 476 354 514 sunt,
377 476 410 506 et
436 476 567 516 propter
593 475 746 507 morbum
774 485 961 515 annexum,
977 476 1034 516 qui

257 529 306 559 est
333 527 476 559 maxime
501 528 686 568 infectivus,
701 531 733 560 et
760 529 895 561 minime
922 532 1035 562 tenens

257 581 390 613 modum
405 592 416 612 :
428 583 460 613 et
477 581 548 613 ideo
563 581 664 623 ipsius
677 581 824 615 Ecelesiae
847 585 894 615 est
915 583 1037 623 gradus

258 635 489 676 cognationum
511 634 648 667 limitare
663 659 672 674 ‚
698 635 779 668 sicut
806 645 865 677 pro
892 638 1036 677 tempore

833 194 1086 234 BREVILOQUII
1105 195 1208 229 PARS
1227 196 1295 230 vn.

1091 264 1242 304 expedire
1255 265 1362 302 videt,
1382 267 1414 297 et
1438 274 1592 306 personas
1612 266 1795 308 legitimas,
1813 268 1867 300 vel

1090 315 1276 356 illegitimas
1290 316 1453 356 judicare,
1469 319 1501 350 et
1510 317 1652 350 >divortia
1671 319 1785 351 faeere.
1800 319 1865 352 sed

1091 377 1260 410 nunquam
1277 369 1370 401 debet
1389 378 1450 402 nec
1471 372 1576 411 potest
1598 372 1861 412 matrimonium,

1091 421 1178 462 quod
1195 421 1341 462 legitime
1354 423 1574 456 introductum
1591 426 1659 462 est,
1674 425 1864 464 annullare;

1091 477 1169 517 quia
1182 480 1191 497 ¹
1219 486 1302 518 quos
1328 477 1411 509 Deus
1443 478 1642 519 conjunxit„
1671 487 1738 510 non
1765 479 1868 519 potest

1091 529 1204 569 homo,
1219 531 1516 573 quantumcumque
1538 532 1579 563 sit
1598 540 1730 572 magnae
1752 534 1868 573 poten-

1091 583 1161 622 tiae,
1178 592 1342 624 separare,
1357 593 1434 616 cum
1447 584 1548 625 ipsius
1567 584 1622 616 Dei
1636 584 1759 625 ,iudicio
1778 585 1868 626 judi-

1092 637 1183 668 candi
1199 639 1387 669 remaneant
1400 638 1552 670 universi.

840 896 1100 948 SEPTIMA
1140 897 1290 949 PARS

1005 1026 1036 1045 ΙΝ
1059 1026 1123 1049 QGA

503 1123 571 1160 DE
610 1122 785 1164 STATU
821 1123 1034 1163 FlNALlS
1069 1123 1266 1162 JUDlCll
1302 1123 1630 1164 TRACTATUR

423 1335 601 1369 CAPUT
638 1335 870 1368 PRIMUM.

473 1419 509 1446 Dc
521 1418 628 1445 Iudicio
643 1420 670 1445 in
684 1421 826 1446 communi.

301 1498 475 1538 Postquam
499 1498 606 1537 aliqua
631 1497 774 1528 breviter
796 1496 878 1527 dicta
903 1498 978 1526 sunt
1000 1495 1038 1526 de

258 1552 397 1582 trinitate
407 1551 446 1590 (a)
459 1550 521 1588 Dei,
530 1550 568 1581 de
576 1553 721 1581 creatura
730 1550 853 1587 mnndi,
865 1549 903 1580 de
911 1558 1039 1589 corrup-

259 1606 320 1636 tela
335 1605 463 1645 pcccati,
481 1604 519 1635 (le
534 1604 752 1634 incarnatione
763 1603 869 1641 Verbi,
882 1603 920 1634 de
936 1603 1039 1641 gratia

258 1659 395 1699 Spiritus
407 1659 518 1695 sancti,
531 1660 561 1688 ct
575 1658 613 1688 de
630 1657 785 1688 medicina
797 1656 1015 1688 sacramentali
1030 1667 1036 1692 ;

258 1715 353 1744 restat
369 1721 453 1742 nunc
465 1711 613 1751 septimo,
627 1713 655 1741 ct
670 1710 795 1748 ultimo7
809 1710 917 1750 aliqua
933 1709 1038 1740 brevi-

261 1769 307 1797 ter
325 1768 458 1805 tangere
468 1765 505 1795 dc
521 1767 605 1795 statu
620 1764 725 1794 finalis
736 1764 861 1803 judicii.
875 1764 916 1794 Dc
932 1763 1039 1803 quoin

258 1828 386 1850 summa
404 1818 576 1849 tenendum
589 1820 645 1855 est,
660 1818 743 1857 quod
759 1817 828 1848 sine
843 1817 940 1848 dubio
951 1816 1038 1856 jndi-

257 1874 341 1904 cium
361 1873 588 1903 universorum
603 1872 746 1902 futurum
761 1873 818 1910 est,
830 1871 862 1901 in
878 1880 942 1911 quo
959 1871 1040 1901 Deus

260 1927 351 1957 l‘ater
360 1936 416 1967 per
425 1925 594 1957 Dominum
609 1927 753 1955 nostrum
762 1924 870 1955 Jcsum
880 1925 1039 1955 Christum

254 1981 409 2020 judicabit
424 1980 514 2010 vivos
533 1981 562 2008 et
582 1981 723 2008 mortuos
736 2002 743 2014 ‚
760 1978 860 2009 bonos
877 1981 906 2009 et
926 1979 1036 2015 malos,

258 2033 417 2064 reddendo
443 2032 615 2071 unicuique
642 2031 817 2061 secundum
843 2032 1039 2071 exigentiam

259 2087 458 2118 meritorum.
473 2085 507 2116 In
521 2086 581 2116 hoc
595 2085 832 2125 autemjudicio
850 2086 903 2116 fiet
917 2086 1039 2125 apertio

260 2141 432 2176 librorum,
460 2139 577 2169 scilicet
606 2139 872 2169 conscientiarum
889 2163 897 2177 ,
925 2139 1041 2179 quibus

262 2195 375 2225 merita
392 2197 421 2224 et
438 2194 589 2223 demerita
613 2193 836 2223 universorum
857 2194 994 2233 sibiipsis
1010 2196 1039 2224 et

260 2248 381 2279 caeteris
404 2248 622 2284 innotescent,
639 2246 770 2276 faciente
792 2246 852 2277 hoc
868 2247 987 2276 virtute
1003 2247 1038 2276 il-

260 2302 323 2332 lins
343 2301 414 2331 libri
435 2302 528 2337 vitae,
545 2299 640 2330 Verbi
659 2300 773 2330 scilicet
791 2300 965 2337 incarnati,
985 2300 1040 2340 qni

262 2356 294 2385 in
314 2355 414 2385 soinia
429 2353 604 2384 divinitalis
621 2362 683 2384 non
703 2353 861 2383 videbitur
876 2353 935 2383 nisi
951 2363 968 2383 a
984 2353 1040 2383 bo-

262 2409 310 2438 nis
332 2420 338 2445 ;
366 2408 515 2438 informa
536 2416 612 2437 vero
630 2407 853 2444 humanitatis,
872 2407 905 2437 in
926 2417 989 2447 qua
1012 2410 1041 2438 et

262 2462 451 2492 sententiam
484 2460 718 2501 promulgabit,
748 2461 908 2491 videbitur
932 2464 997 2491 tam
1023 2471 1041 2491 a

262 2515 365 2552 boniS,
378 2524 473 2553 quain
490 2524 508 2544 a
523 2514 626 2552 mali&
639 2514 709 2544 licet
726 2513 874 2544 terribilis
884 2515 918 2544 in
931 2515 1040 2544 cadem

263 2570 365 2600 forma
385 2570 532 2607 appareat
553 2567 713 2607 reprobi&
731 2569 759 2597 et
781 2567 917 2597 blandus
933 2568 1039 2605 justis.

298 2643 301 2654 ¹
319 2639 421 2669 Manli„
437 2645 490 2668 xix,
504 2641 534 2669 f»;
550 2639 638 2668 Mona,

300 2687 330 2713 m,
348 2685 435 2715 suppl.
454 2690 620 2715 personarum
636 2686 659 2706 ct
675 2686 778 2708 nullate.

655 2639 720 2668 ΜΟ.

1136 1335 1225 1366 Ratio
1244 1337 1351 1366 autem
1374 1335 1413 1366 ad
1433 1334 1677 1375 intelligentiam
1701 1335 1867 1376 praedicto-

1094 1398 1187 1426 rum,
1210 1388 1279 1420 haec
1301 1391 1348 1420 est
1365 1400 1371 1419 :
1389 1389 1466 1429 quia
1488 1389 1630 1429 primum
1651 1389 1865 1430 principium,

1094 1451 1167 1473 cum
1183 1466 1189 1478 ,
1206 1442 1265 1472 hoc
1280 1442 1347 1482 ipso
1361 1443 1446 1483 quod
1470 1443 1610 1482 primum
1624 1467 1631 1480 ‚
1654 1443 1694 1473 sit
1705 1451 1725 1474 a
1743 1443 1868 1483 seipso,

1094 1496 1271 1527 secundum
1301 1496 1460 1536 seipsum,
1489 1499 1520 1527 et
1549 1498 1676 1536 propter
1704 1496 1866 1536 seipsum,

1094 1549 1155 1580 hoc
1172 1549 1239 1589 ipso
1255 1549 1359 1589 ipsum
1374 1552 1421 1580 est
1433 1549 1590 1588 efficiens,
1606 1549 1707 1580 forma
1727 1551 1758 1581 et
1775 1549 1848 1580 finis
1859 1573 1867 1586 ,

1094 1603 1246 1633 universa
1271 1603 1464 1642 producens,
1485 1611 1602 1642 regens
1625 1605 1656 1633 et
1675 1602 1842 1642 perficiens
1859 1613 1866 1632 :

1094 1657 1137 1686 ita
1153 1656 1238 1696 quod
1253 1656 1334 1687 sicut
1354 1656 1502 1696 producit
1523 1656 1700 1687 secundum
1723 1655 1866 1687 altitudi-

1095 1719 1169 1740 nem
1191 1718 1326 1740 summae
1351 1709 1501 1746 virtutis,
1525 1709 1569 1740 sic
1592 1709 1688 1740 etiam
1710 1709 1797 1748 regit
1819 1718 1870 1741 se-

1095 1764 1236 1794 cundum
1252 1763 1474 1794 rectitudinem
1498 1763 1654 1801 veritatis,
1670 1765 1701 1794 et
1721 1771 1869 1793 consum-

1097 1820 1161 1847 mat
1176 1817 1351 1847 secundum
1365 1816 1595 1857 plenitudinem
1608 1815 1768 1847 bonitatis,
1787 1814 1871 1853 Quo-

1095 1871 1182 1901 niam
1197 1880 1276 1910 crgo
1295 1870 1428 1902 altitudo
1452 1879 1588 1901 summae
1611 1870 1741 1901 virtutis
1762 1868 1868 1909 requi-

1095 1924 1182 1955 rebat
1204 1948 1213 1961 ,
1248 1926 1285 1954 nt
1318 1933 1381 1955 non
1422 1926 1548 1954 tantuin
1585 1925 1668 1954 esset
1706 1921 1870 1963 productio

1096 1980 1250 2008 creaturae
1279 1977 1318 2007 ad
1348 1978 1544 2016 vestigium,
1571 1985 1685 2007 verum
1712 1976 1807 2006 etiam
1832 1974 1870 2006 ad

1097 2031 1289 2070 imaginenn
1303 2039 1366 2061 non
1379 2030 1483 2061 solum
1496 2032 1652 2061 creaturae
1666 2028 1869 2065 irrationalis,

1096 2093 1210 2115 verum
1225 2084 1320 2114 etiam
1336 2083 1517 2120 1·ationalis;
1536 2092 1602 2114 non
1623 2082 1728 2113 solum
1747 2083 1870 2112 creatu-

1097 2146 1140 2169 rae
1156 2146 1229 2177 quae
1245 2142 1392 2168 movetur
1408 2137 1585 2168 secundum
1600 2136 1756 2176 impetum
1774 2137 1871 2166 natu-

1097 2191 1213 2227 ralem,
1239 2199 1351 2221 vorum
1376 2191 1470 2221 etiam
1491 2189 1667 2221 secundum
1693 2188 1871 2219 libertatem

1098 2243 1285 2281 voluntatis;
1308 2246 1339 2274 et
1361 2245 1507 2274 creatura
1527 2252 1601 2283 quae
1624 2244 1671 2273 est
1691 2242 1731 2272 ad
1755 2241 1872 2280 imagi-

1097 2308 1187 2335 nem,
1204 2298 1281 2337 quia
1295 2306 1395 2336 capax
1412 2299 1459 2327 est
1473 2296 1546 2333 Dei,
1568 2298 1615 2326 est
1636 2293 1868 2329 beatificabilis;

1097 2354 1242 2383 creatura
1258 2351 1437 2388 rationalis,
1452 2349 1708 2390 disciplinabilis3
1726 2349 1871 2378 creatura

1097 2406 1217 2436 habens
1238 2405 1416 2436 libertatem
1434 2403 1618 2440 voluntatis,
1636 2404 1684 2433 est
1696 2400 1872 2432 secundum

1097 2460 1203 2498 legem
1216 2459 1349 2498 Justitiae
1366 2457 1550 2488 ordinabilis
1570 2459 1601 2487 et
1621 2453 1845 2486 deordinabilis
1862 2462 1870 2483 :

1098 2513 1170 2543 hinc
1186 2517 1247 2549 est,
1265 2511 1350 2551 quod
1366 2510 1520 2542 rectitudo
1535 2509 1676 2540 veritatis
1691 2509 1796 2547 legem
1811 2506 1870 2537 ho·

1099 2567 1176 2597 mini
1193 2567 1356 2605 imponere
1372 2563 1494 2601 debuit,
1511 2563 1545 2593 in
1567 2571 1631 2602 qua
1647 2562 1685 2592 ad
1704 2559 1872 2591 beatitudi-

1100 2630 1171 2651 nem
1187 2620 1350 2656 invitaret,
1372 2620 1400 2648 et
1421 2617 1459 2647 ad
1481 2616 1646 2647 veritatem
1669 2615 1824 2651 erudiret,
1842 2615 1872 2643 et

1100 2672 1308 2712 adjustitiam
1329 2670 1509 2709 obligaret:
1534 2670 1577 2700 ita
1599 2672 1705 2700 tamen
1728 2666 1812 2708 quod
1833 2665 1870 2695 li·

1926 1826 1990 1847 Ratio

1905 1857 1971 1878 {uiuri

1892 1889 1980 1910 uuiver-

1885 1920 1938 1940 ulis
1951 1920 1990 1947 ju-

1885 1951 1943 1971 dieii.
