2003 3037
137 1055 210 1075 inten-

104 1084 135 1105 tio
153 1087 210 1106 Auc-

102 1117 164 1139 toris.

117 2511 200 2532 Volun-

96 2546 129 2564 tas
152 2549 201 2564 nos-

130 2576 163 2595 tra

869 170 984 203 PART.
1010 171 1033 204 1.
1055 171 1164 204 SECT.
1189 171 1213 204 1.

231 240 315 272 circa
338 239 610 277 ruminationem,
630 239 666 270 ut
685 237 765 269 scias
779 237 835 269 ubi
855 239 964 271 audita
978 241 1010 271 et

230 294 393 326 ruminata
424 291 674 334 comprehendas
697 300 755 332 per
776 293 1007 332 cognitionem.

231 346 351 387 Tertio,
369 347 447 388 quid
462 346 704 388 proponendum
720 345 754 376 in
769 346 1007 386 praedieatione,

230 401 306 441 quia
319 402 478 441 praecepta
497 399 648 438 moralia,
665 407 740 440 quae
755 399 816 430 sub
831 399 904 439 lege
918 401 1011 431 natu-

229 462 286 493 rae,
303 454 485 494 scripturae,
502 455 533 484 et
547 453 672 494 gratiae,
689 455 720 484 et
734 453 828 484 firma
843 455 874 484 et
889 453 1008 485 immo-

228 508 304 540 bilia
318 509 582 549 permanserunt,
595 509 626 539 et
641 507 818 547 Evangelia
835 507 1007 548 praecipue,

228 571 301 602 quae
315 571 357 593 ex
370 571 425 593 ore
438 560 591 592 Altissimi
608 561 807 602 prodierunt,
823 570 899 592 oum
914 562 1005 593 dicit:

232 617 274 649 Ut
288 615 484 649 ostenderem
500 615 559 648 tibi
569 615 759 655 firmitatem
774 618 804 648 ec
818 615 943 656 eloquia
958 624 1008 649 ve-

227 671 349 703 ritatis.
366 669 499 709 Quarto,
520 679 578 710 per
596 669 673 710 quid
692 669 951 710 respondendum
973 671 1006 702 in

227 723 481 764 interrogatione
491 747 499 763 ,
513 723 589 764 quia
602 733 658 764 per
673 733 711 755 ea
724 733 799 764 quae
814 726 889 755 sunt
907 733 948 755 ex
961 724 1006 755 le-

226 778 329 809 ctione
345 779 507 818 percepta,
525 778 560 809 in
580 777 704 809 ratione
719 778 858 816 collecta,
878 780 908 809 et
924 787 1005 819 prae-

225 831 380 863 dicatione
393 833 555 872 concepta,
569 841 643 863 cum
657 832 826 872 subjungit
841 843 847 863 :
868 834 1007 873 Respon-

225 885 299 917 dere
315 893 357 918 ex
371 886 422 917 his
437 885 521 924 illis,
543 886 575 917 id
594 887 642 917 est
658 885 932 917 examinatoribus
951 887 1003 927 (a),

224 940 283 979 qui
297 940 472 978 miserunt,
495 940 527 971 id
551 941 599 971 est
621 939 708 970 missi
722 941 814 978 sunt,
832 949 896 980 quo
912 941 1006 972 modo

224 993 408 1024 examinent
426 995 467 1024 te.

265 1046 301 1077 In
316 1046 550 1078 adminiculum
565 1046 674 1087 itaque
688 1047 898 1088 parvulorum
918 1047 1006 1079 rudis

223 1102 357 1140 rogatus
366 1110 385 1132 a
394 1101 540 1140 rudibus,
556 1101 671 1133 rudem
681 1103 851 1133 tractatum
869 1102 1003 1133 rudibus

1788 181 1846 212 345

1065 239 1247 280 compilavi,
1262 241 1296 273 in
1309 251 1375 283 quo
1387 243 1520 276 rudium
1536 244 1669 284 ruditaS,
1687 245 1770 278 circa
1787 256 1847 287 ge-

1064 293 1186 325 neralia
1214 294 1386 336 theologice
1397 321 1407 336 ‚
1438 298 1549 329 saltem
1578 298 1702 331 ruditer
1730 301 1847 340 poterit

1064 348 1202 387 erudiri,
1220 351 1251 380 et
1266 358 1307 381 ex
1327 350 1407 382 lacte
1428 352 1571 384 infantiae
1586 353 1627 384 ad
1641 353 1749 385 cibum
1769 355 1844 387 soli-

1064 401 1154 440 dum,
1171 402 1292 442 praevia
1309 403 1362 434 Dei
1376 406 1501 445 gratia,
1518 415 1594 437 cum
1617 415 1730 439 sensus
1750 408 1846 440 indu-

1064 455 1142 487 stria
1157 459 1344 498 praeparari.
1362 459 1481 500 Collegi
1497 462 1606 492 autem
1622 462 1684 494 hoc
1697 472 1738 494 ex
1755 463 1846 495 dictis

1064 510 1250 550 proborum,
1262 521 1335 552 quae
1343 512 1418 544 hinc
1428 513 1501 545 inde
1511 514 1694 556 decerpam,
1704 516 1737 547 in
1748 517 1846 549 unius

1064 565 1209 604 opusculi
1223 566 1408 605 angustiam
1425 569 1596 600 coarctavi.
1613 568 1703 606 Quod
1719 580 1794 602 cum
1815 573 1846 602 et

1064 619 1193 649 centum
1207 619 1338 660 recipiat
1353 621 1526 661 sectiones,
1543 623 1773 664 centiloquium
1787 634 1844 665 po-

1063 671 1137 703 terit
1151 673 1316 713 appellari.
1330 673 1428 715 Cujus
1440 676 1644 708 continentiae
1660 678 1710 718 (b),
1723 680 1759 709 ut
1773 678 1846 709 saci-

1063 725 1125 757 lins
1136 728 1241 766 pateat
1251 728 1440 768 requirenti,
1453 731 1698 770 praemittuntur
1715 734 1846 764 centum

1063 780 1148 811 tituli
1173 781 1367 820 sectionum,
1392 792 1465 823 quae
1482 793 1522 814 ex
1547 786 1687 824 quatuor
1701 786 1845 826 partibus

1062 833 1319 874 distinguuntur.
1345 835 1380 866 In
1404 837 1556 868 universo
1576 838 1662 869 enim
1678 839 1787 879 agitur
1807 840 1845 871 de

1063 889 1201 928 quatuor
1220 888 1252 919 in
1275 890 1424 929 praesenti
1443 891 1597 930 opusculo
1619 892 1744 932 :primo
1761 893 1846 924 scili-

1062 943 1120 980 cet,
1138 941 1176 972 de
1189 942 1273 973 malo
1289 943 1348 974 sub
1363 944 1485 975 ratione
1501 945 1621 985 culpae;
1639 947 1789 985 secundo,
1807 947 1846 978 de

1062 995 1147 1026 malo
1160 996 1219 1026 sub
1235 997 1356 1028 ratione
1372 1007 1493 1037 poenae;
1510 999 1615 1038 tertio,
1632 999 1671 1030 de
1686 1000 1771 1032 bono
1785 1001 1844 1032 sub

1061 1049 1185 1080 ratione
1201 1050 1333 1089 gratiae3
1350 1054 1477 1091 quarto,
1494 1052 1533 1083 de
1548 1052 1632 1084 hono
1645 1053 1706 1084 sub
1721 1054 1844 1085 ratione

1062 1102 1187 1142 gloriae.

856 1364 1030 1416 PRIMA
1062 1365 1201 1416 PARS

664 1489 858 1508 §Ecrlomssus
884 1489 1024 1509 'ranINTA
1051 1490 1156 1509 TRlBUS
1183 1490 1402 1510 COMPREHENSA

505 1689 654 1724 SECTIO
677 1691 702 1724 I.

385 1777 423 1803 De
441 1776 512 1803 malo
534 1775 619 1810 culpoe
638 1776 668 1802 in
688 1776 817 1809 qeneralz'.

254 1854 373 1885 Malum
396 1853 596 1885 considerare
616 1853 754 1884 occurrit
774 1855 933 1893 quantum
953 1854 992 1884 ad

213 1908 447 1939 diffinitionem.
477 1907 569 1945 Quod
595 1907 754 1938 diffiniens
787 1907 993 1946 Augustinus

214 1963 257 1994 ait
272 1964 282 1980 ²
299 1972 306 1994 ε
328 1975 342 1992 «
356 1963 476 1994 Malum
492 1964 538 1994 est
554 1962 690 2003 privatio
706 1962 802 2001 modi,
821 1963 947 2002 speciei,
963 1966 993 1994 et

213 2017 344 2048 ordinis.
359 2029 373 2045 n
386 2017 434 2048 Ad
447 2018 496 2058 cuj
503 2026 540 2047 us
555 2016 804 2055 intelligentiam
821 2018 867 2047 est
883 2020 993 2048 notan-

214 2071 302 2109 dum,
315 2071 400 2111 quod
413 2073 559 2102 ereatura
569 2071 731 2111 quaelibet,
747 2073 993 2110 quantumcum-

215 2133 277 2164 que
294 2124 430 2162 modica,
448 2125 627 2164 comparari
648 2125 745 2155 habet
766 2125 804 2154 ad
826 2124 925 2155 Deum
941 2134 993 2155 se—

215 2177 357 2208 cundum
381 2177 497 2217 triplex
516 2186 637 2216 genus,
665 2186 770 2208 causa>
792 2178 907 2207 seilicet
922 2178 991 2208 esti-

216 2231 336 2269 cientis,
355 2230 506 2269 formalis,
520 2232 550 2261 et
565 2230 669 2260 finalis
687 2241 692 2261 :
711 2232 741 2260 ot
756 2231 799 2260 sie
815 2230 910 2261 habnt
926 2240 993 2262 mo-

214 2285 309 2323 dum,
331 2285 484 2325 speeiem,
508 2286 539 2315 et
563 2284 720 2315 ordinem.
747 2283 897 2315 Creatura
917 2294 993 2315 vero

214 2338 378 2369 rationalis
389 2347 453 2369 non
469 2338 573 2369 solum
588 2338 683 2368 hahet
694 2338 838 2376 modum,
856 2338 993 2378 speciem

215 2394 246 2422 et
259 2392 415 2430 ordinem,
431 2393 527 2432 prout
542 2393 588 2422 est
602 2393 717 2422 natura
734 2391 894 2431 quaedam,
912 2391 994 2422 sieut

215 2448 339 2476 caeterae
354 2447 524 2484 creaturae,
536 2454 651 2477 verum
665 2445 762 2476 etiam
772 2446 867 2485 prout
879 2448 925 2476 est
942 2454 995 2476 vo-

214 2499 334 2530 luntate
342 2499 612 2531 liberaNoluntas
621 2501 727 2530 auten]
736 2501 854 2536 nostra,
866 2499 993 2538 qnando

216 2552 310 2583 hahet
322 2553 465 2592 modum,
482 2553 620 2593 speciem
635 2555 665 2584 et
680 2553 837 2591 ordinem,
855 2542 933 2583 tune
947 2555 993 2583 est

250 2633 406 2665 ¹Brevz'loq.,
427 2641 452 2665 p.
466 2634 513 2665 lli,
538 2642 560 2658 c.
582 2641 598 2659 1.
614 2647 645 2653 --
664 2635 674 2650 ⁵2
695 2635 770 2665 Aug„
790 2633 821 2657 de
845 2633 903 2658 Nat.
929 2633 994 2662 bom,

218 2675 239 2692 c.
258 2674 292 2692 1v.

1049 1693 1144 1724 bona.
1167 1693 1257 1724 Tune
1279 1695 1388 1724 autem
1409 1693 1507 1725 habet
1524 1694 1595 1726 haee
1610 1694 1688 1733 tria,
1708 1694 1837 1734 quando

1050 1746 1084 1777 in
1098 1747 1260 1787 operando
1284 1747 1491 1778 continuatur
1512 1748 1624 1779 virtuti
1647 1748 1784 1787 divinae,
1802 1750 1838 1779 ut

1050 1801 1206 1841 principio
1218 1802 1370 1839 moventi;
1385 1803 1603 1833 conformatur
1615 1803 1653 1841 ei,
1667 1804 1702 1833 ut
1712 1803 1836 1842 regulae

1051 1854 1229 1893 dirlgenti;
1257 1855 1369 1886 unitur
1391 1856 1436 1894 ei,
1464 1858 1499 1886 ut
1523 1856 1582 1886 fini
1607 1856 1774 1896 quietanti.
1802 1856 1836 1886 ln

1051 1909 1154 1948 primo
1178 1912 1225 1940 est
1250 1910 1379 1948 modus;
1406 1911 1439 1940 in
1464 1911 1602 1942 secundo
1626 1914 1673 1942 est
1696 1912 1832 1952 speeie&

1051 1963 1084 1993 in
1105 1964 1197 1995 tertio
1220 1964 1298 1995 ordo
1319 1965 1492 1996 attenditur
1514 1967 1692 1997 secundum
1719 1967 1834 2007 triplex

1050 2026 1155 2056 genus
1170 2027 1286 2049 cansae.
1301 2018 1574 2060 Quandocumque
1589 2029 1666 2051 vero
1681 2020 1753 2060 quis
1767 2030 1836 2061 pec-

1051 2073 1100 2101 cat
1125 2071 1314 2110 mortaliter,
1340 2073 1598 2104 diseontinuatur
1622 2074 1800 2105 necessario
1815 2084 1834 2105 a

1051 2124 1131 2163 Deo,
1158 2127 1313 2166 tanquam
1340 2136 1357 2156 a
1381 2127 1538 2167 principio
1563 2130 1730 2166 movente,
1757 2129 1834 2168 quia

1051 2178 1132 2208 Deus
1150 2187 1319 2218 nunquam
1336 2182 1442 2211 movet
1458 2181 1497 2212 ad
1513 2184 1694 2221 peccatum
1711 2181 1830 2212 discor-

1051 2232 1104 2261 dat
1118 2240 1136 2262 a
1154 2231 1224 2269 Deo,
1236 2234 1388 2272 tanquam
1400 2243 1419 2264 a
1432 2234 1546 2273 regula
1558 2234 1731 2274 dirigente3
1746 2235 1833 2265 elon-

1051 2286 1147 2323 gatur
1169 2287 1199 2315 et
1222 2285 1426 2317 deordinatur
1441 2297 1459 2317 a
1476 2287 1549 2326 Deo,
1567 2290 1720 2328 tanquam
1736 2298 1754 2318 a
1769 2289 1833 2320 fine

1051 2338 1227 2377 quietante,
1246 2348 1367 2378 ponens
1388 2342 1569 2371 creaturam
1593 2342 1692 2372 finem
1715 2342 1776 2373 sui.
1794 2342 1832 2373 Et

1051 2391 1096 2421 sic
1122 2392 1242 2422 malum
1264 2393 1366 2433 culpae
1389 2394 1496 2434 privat
1515 2397 1546 2425 et
1568 2396 1744 2435 corrumpit
1762 2396 1831 2432 haec

1052 2445 1111 2475 tri-1
1128 2445 1383 2486 inseparabiliter
1399 2449 1430 2478 et
1445 2448 1621 2488 aequaliter,
1643 2457 1707 2478 non
1723 2451 1830 2479 tamen

1052 2499 1189 2530 totaliter
1207 2501 1240 2530 in
1262 2501 1410 2532 rationali
1430 2503 1594 2540 creatura,
1618 2502 1651 2532 in
1672 2505 1827 2542 quantam

1051 2555 1097 2583 eet
1121 2563 1221 2592 agens
1248 2554 1425 2585 voluntarie
1452 2558 1483 2586 et
1514 2556 1613 2586 libere
1642 2556 1725 2586 ultra
1751 2556 1829 2586 alias

1084 2634 1116 2664 (a)
1134 2633 1195 2658 Ca-t.
1215 2634 1276 2658 edit.
1295 2642 1327 2658 ex
1349 2635 1401 2663 his,
1417 2635 1442 2659 id
1461 2638 1499 2660 est
1517 2643 1547 2660 ex
1569 2635 1752 2660 animatoribue
1770 2635 1826 2659 ilis.

1052 2683 1081 2688 —
1093 2670 1127 2701 (b)
1144 2671 1205 2694 Item
1219 2671 1386 2696 coutinentia.

1872 584 1968 606 Centilo«

1871 617 1956 643 quium.

1867 647 1960 669 Materia

1867 680 1961 700 tractan-

1868 710 1905 732 da.

1863 1706 1951 1732 quando

1864 1737 1931 1758 hona.

1878 2039 1955 2059 Pecca-

1881 2071 1929 2090 tum

1855 2101 1947 2122 mortale

1854 2139 1951 2154 corrum-

1859 2165 1891 2191 pit
1901 2171 1946 2185 mo-

1872 2199 1934 2224 dum,

1853 2229 1949 2256 speciem

1859 2262 1881 2281 et
1890 2261 1945 2281 ordi-

1857 2298 1916 2314 nem.
