2003 3037
124 1182 223 1205 Doctrina

123 1215 150 1236 ‹le
161 1216 229 1235 tentu-

123 1248 181 1267 tione
187 1246 229 1273 pri-

134 1283 216 1298 morum

142 1314 216 1335 paren·

150 1342 202 1359 tum.

243 194 302 228 272

243 259 355 291 nifeste
370 258 454 290 cadit
466 257 612 299 impietas
625 257 891 298 Manichaeorum,
905 267 1024 299 ponen-

242 313 326 344 tium
342 313 352 330 ¹
367 321 535 344 summum
549 312 672 343 malum
694 311 840 343 omnium
861 311 1021 343 malorum

242 365 437 406 principium
451 365 605 406 primum.
621 365 762 406 Apparet
775 366 872 397 etiam
893 374 967 406 quae
983 365 1023 396 sit

242 419 319 450 mali
336 419 442 460 origo,
458 419 579 460 etquid
593 419 670 450 mali
687 419 879 460 subjectum.

512 528 676 563 CAPUT
705 529 752 562 II.

357 611 395 638 De
410 611 563 646 primorum
579 612 725 646 parentum
745 610 903 638 tentatione.

264 689 314 722 Ad
324 689 570 730 intelligendum
578 690 618 730 (a)
628 692 735 721 autem
741 688 878 730 qualiter
888 697 1022 729 corrup-

242 743 305 775 tela
315 744 433 785 peccati
446 745 578 776 intravit
588 744 621 775 in
632 743 790 775 mundum
799 767 808 782 ,
821 742 1022 774 considerare

242 800 366 838 oportet
392 798 520 839 lapsum
543 798 638 838 primi
664 797 820 838 parentis,
846 796 1019 828 traductio-

242 860 318 883 nem
337 851 440 892 culpae
463 851 650 892 originalis,
666 853 698 882 et
718 853 825 882 ortum
847 850 916 882 sive
939 850 1022 881 radi—

242 914 311 937 cem
336 905 454 946 peccati
478 905 622 936 actualis,
649 904 737 936 Circa
765 904 892 945 lapsum
920 904 1022 944 igitur

241 959 336 1000 primi
365 959 507 999 parentis
534 959 603 990 baee
635 959 696 989 tria
723 958 816 989 nobis
849 959 1022 989 occurrunt

241 1013 471 1044 consideranda
488 1037 498 1051 ‚
527 1013 644 1044 scilicet
678 1012 809 1043 tentatio
837 1011 1019 1050 diabolica,

242 1066 334 1106 eulpa
349 1066 517 1097 commissa
529 1090 537 1103 ‚
555 1068 585 1097 et
608 1075 702 1106 poena
716 1065 847 1096 inflicta.
865 1064 940 1095 Haec
958 1065 1021 1104 igi-

243 1123 298 1151 tur
320 1120 359 1151 de
387 1120 563 1151 tentatione
591 1123 665 1151 sunt
693 1119 847 1157 tenenda,
876 1119 1023 1150 videlicet

244 1175 329 1216 quod
348 1199 356 1213 ‚
380 1183 453 1205 cum
480 1174 562 1205 Deus
585 1174 750 1205 hominem
776 1174 965 1205 condidisset
990 1175 1021 1205 in

245 1228 392 1260 felicitate
411 1227 551 1268 paradisi
576 1228 608 1258 in
634 1237 713 1258 sexu
743 1227 879 1268 duplici,
904 1227 1021 1258 scilicet

246 1282 332 1314 virili
342 1285 372 1313 et
383 1281 530 1313 muliebri
542 1305 550 1319 ,
562 1281 706 1313 diabolus
721 1281 867 1312 invidens
876 1281 999 1312 bomini
1010 1307 1019 1320 ‚

245 1339 411 1377 assumpta
433 1336 537 1377 specie
558 1336 755 1376 serpentina,
781 1345 955 1375 aggressus
977 1339 1022 1366 est

246 1391 414 1423 mulierem
423 1414 432 1431 ,
447 1391 551 1432 primo
566 1390 778 1431 quaerendo‘z
797 1390 859 1422 Cur
869 1391 1023 1430 paecepit

245 1445 332 1478 vobis
350 1445 449 1484 Deus,
468 1454 507 1477 ne
530 1444 736 1477 comederetis
751 1445 767 1475 Ρ
782 1444 920 1474 secundo
943 1454 1023 1475 assc-

246 1501 354 1539 rendo,
372 1500 478 1531 dicens
497 1511 503 1530 :
522 1499 729 1539 Nequaquam
746 1499 932 1530 morieme'm'
942 1508 954 1537 ,·
966 1501 1023 1529 tcr-

246 1554 290 1585 tio
313 1553 529 1594 promittendo
547 1565 553 1582 :
571 1553 674 1585 Erilis
696 1553 782 1584 sicut
803 1552 855 1584 (111·
864 1577 871 1589 ‚
889 1553 1024 1584 scientes

247 1608 362 1640 bonum
377 1611 406 1639 et
421 1607 541 1638 malum
554 1617 565 1636 .·
581 1606 690 1637 volens
704 1606 761 1636 ista
777 1606 951 1637 tentatione
968 1606 1018 1637 de-

243 1661 342 1701 jieere
365 1660 532 1691 mulierem
554 1660 780 1696 infirmiorem,
805 1662 834 1689 et
856 1668 913 1699 per
937 1660 1022 1690 illam

248 1717 356 1755 postea
373 1717 571 1754 prosternere
595 1723 708 1744 sexum
726 1713 851 1743 virilem
870 1724 876 1743 :
895 1713 978 1753 quod
994 1716 1025 1744 et

248 1770 321 1801 fecit
330 1794 337 1806 ,
356 1769 489 1800 1)0111111()
502 1768 714 1808 permittente.

289 1823 379 1854 Ratio
394 1825 502 1853 autem
524 1821 562 1851 ad
587 1821 832 1860 intelligentiam
854 1820 1023 1860 praedirto-

248 1887 322 1909 rum
347 1877 415 1908 haec
437 1878 485 1906 est
509 1887 514 1906 :
539 1875 615 1915 qnia
639 1875 718 1905 sicut
742 1875 885 1914 primum
908 1874 1022 1913 princi-

248 1933 337 1972 pium
360 1933 407 1961 est
433 1929 688 1970 potentissimum
712 1929 744 1958 in
765 1928 941 1968 operando,
958 1928 1025 1958 sive

248 1986 281 2016 in
311 1984 530 2025 producendo,
555 1983 597 2013 sic.
624 1983 718 2013 ctiam
741 1986 788 2013 est
812 1982 1025 2013 rectissimum

249 2040 280 2069 in
296 2037 507 2078 gubernando
525 2039 575 2067 :et
591 2036 661 2066 ideo
681 2036 725 2065 sie
741 2045 808 2073 res,
826 2045 905 2075 quas
922 2036 1026 2066 condi-

249 2093 309 2130 dit,
326 2091 543 2127 administrat,
560 2091 594 2119 ut
612 2099 664 2119 eas
679 2098 775 2128 agere
796 2089 940 2128 proprios
956 2098 1023 2119 mo-

249 2149 300 2177 tus
320 2145 412 2175 sinat.
438 2143 594 2181 Quoniam
614 2143 714 2181 igitur
738 2142 835 2173 homo
859 2142 901 2172 sic
927 2142 1027 2172 san-tus

250 2203 335 2237 erat,
351 2202 387 2230 ut
402 2207 456 2238 per
472 2197 638 2228 victoriam
656 2206 776 2236 pugna:
791 2196 971 2236 perveniret
987 2197 1026 2226 ad

250 2253 420 2293 praemium
442 2251 557 2291 qnietis
581 2253 725 2287 aeternae,
742 2249 813 2279 licet,
832 2249 914 2279 Dens
935 2250 1028 2279 sciretv

250 2307 414 2337 hominem
430 2304 595 2337 tentationi
612 2303 837 2340 succumbere,
854 2303 961 2333 debuit
980 2307 1026 2333 ta-

252 2370 326 2391 men
342 2359 506 2390 hominem
522 2357 705 2397 permittere
721 2356 836 2386 tentari
849 2356 888 2386 ab
904 2366 958 2394 eo,
972 2357 1026 2396 qni

251 2414 363 2451 sciret,
381 2414 485 2452 posset
509 2414 539 2441 et
556 2410 660 2441 vellet.
679 2409 833 2446 Quoniam
859 2418 940 2447 ergo
961 2410 1027 2440 dia-

252 2466 359 2503 bolus,
386 2466 439 2504 qui
465 2465 552 2504 prius
572 2466 638 2494 erat
667 2463 768 2492 scii-ns
788 2465 816 2492 ct
832 2465 955 2499 rectus,
973 2472 1028 2501 per

252 2519 434 2560 snperbiam
460 2517 616 2553 cadendo,
634 2516 735 2546 factus
759 2518 805 2546 est
828 2518 977 2545 versutus
997 2518 1028 2545 et

251 2573 400 2609 invidus;
418 2571 486 2601 ideo
503 2579 558 2610 per
573 2569 728 2600 invidiam
743 2571 864 2599 tentare
881 2569 1026 2606 volebat,

284 2655 290 2670 1
308 2654 382 2683 Aug„
397 2651 426 2674 de
441 2650 531 2674 illorib.
551 2649 669 2678 Mantele,
685 2658 707 2673 e.
728 2655 762 2677 ιι,
778 2651 871 2679 etseq.
888 2661 916 2666 —
933 2650 939 2662 ²
955 2650 1026 2678 Gen„

252 2695 290 2720 111,
309 2692 331 2719 1,
346 2691 369 2718 4,
385 2689 406 2711 ὅ.
420 2699 451 2705 -
463 2686 473 2702 ³
486 2686 558 2715 thid„
574 2688 596 2709 3.
614 2698 641 2701 -
660 2689 664 2697 “
682 2685 782 2714 1.]οαη.,
799 2691 826 2714 11,
846 2687 882 2707 16.

825 188 1077 228 BREVILOQUH
1101 188 1202 225 PARS
1225 189 1278 221 tlt.

1079 259 1111 288 et
1137 266 1194 298 per
1213 257 1369 294 astutiam
1396 256 1515 289 sciebat
1537 267 1544 289 :
1570 259 1603 289 et
1625 257 1697 290 ideo
1719 258 1856 290 tentavit

1075 311 1172 351 Juxta
1195 311 1280 352 quod
1301 310 1403 351 potuit
1415 335 1423 349 ‚
1439 312 1472 342 et
1489 310 1573 342 Deus
1594 311 1747 352 permisit.
1765 311 1855 350 Quod

1082 364 1184 404 igitur
1199 364 1234 396 in
1248 365 1399 396 tentando
1419 364 1557 404 speciem
1571 364 1786 405 serpentinam
1802 374 1853 397 as-

1079 418 1233 459 sumpsit,
1249 418 1311 450 hoc
1331 418 1574 460 dispensationis
1594 418 1714 450 divinae
1728 418 1803 459 ruit,
1818 421 1856 451 ut

1079 480 1145 502 non
1161 472 1266 504 solum
1283 472 1477 513 deprehendi
1490 472 1561 512 ejus
1579 473 1720 504 versutia
1732 474 1853 513 posset,

1079 533 1194 572 verum
1209 526 1322 566 etiam,
1339 528 1376 558 ut
1390 536 1431 557 ex
1445 526 1499 557 illa
1511 526 1621 566 effigie
1635 527 1778 558 versutia
1792 527 1857 559 dia-

1078 578 1181 610 bolica
1201 579 1236 611 in
1256 580 1408 612 tentando
1429 579 1554 611 cunctis
1579 579 1654 612 filiis
1668 580 1746 613 Adae
1761 580 1856 612 inno-

1032 670 1035 672 ,
1079 633 1197 665 tescere
1208 635 1322 674 posset.
1339 633 1470 672 Rursus,
1485 634 1561 675 quia
1573 634 1709 666 tentavit
1720 634 1760 666 de
1775 643 1856 675 prae·

1079 689 1168 728 cepto
1185 687 1357 729 disciplinae
1369 713 1377 728 ‚
1395 689 1454 720 hoc
1475 688 1624 720 similiter
1648 688 1705 720 ruit
1726 689 1852 730 dispen-

1079 740 1209 772 sationis
1239 741 1373 780 divinae,
1399 743 1436 772 ut
1461 742 1529 773 sive
1556 742 1757 781 vinceretur,
1785 741 1855 774 sive

1078 794 1234 833 vinceret,
1250 795 1374 826 cunctis
1388 795 1599 827 innotesceret
1615 795 1767 827 meritum
1782 795 1855 827 obe-

1078 848 1217 887 dientiae,
1231 849 1298 880 sive
1313 848 1505 880 demeritum
1518 849 1751 882 inobedientiae.
1764 849 1855 887 Quod

1078 904 1186 933 autem
1204 902 1334 943 incoepit
1349 912 1368 933 a
1383 902 1534 941 muliere,
1550 902 1611 934 hoc
1630 902 1691 934 fuit:
1702 903 1854 934 versutiae

1078 964 1145 987 suae
1157 980 1166 994 ,
1178 956 1252 996 quia
1265 955 1389 987 facilius
1399 959 1445 987 est
1457 956 1594 996 dejicere
1608 956 1716 987 minus
1728 956 1853 988 fortem.

1079 1008 1167 1040 Unde
1187 1013 1218 1040 et
1232 1010 1372 1041 versutia
1396 1010 1494 1041 hostis
1515 1019 1556 1041 ex
1579 1009 1752 1041 infirmiori
1767 1011 1856 1050 parte

1079 1061 1271 1101 aggreditur
1285 1061 1459 1092 civitatem.
1477 1061 1632 1092 Similiter
1646 1061 1772 1099 modus,
1790 1069 1856 1101 quo

1078 1114 1110 1145 in
1133 1115 1304 1146 tentatione
1329 1115 1502 1155 processit,
1530 1115 1679 1146 inaximae
1705 1115 1855 1146 versutiae

1078 1168 1154 1207 fuit,
1176 1169 1251 1209 quia
1276 1169 1470 1209 experiendo
1486 1193 1494 1206 ‚
1517 1158 1709 1209 impellendo
1731 1170 1761 1200 et
1783 1168 1853 1200 alli-

1078 1222 1191 1253 ciendo
1207 1223 1368 1263 processit.
1387 1222 1625 1263 Experientiam
1641 1223 1727 1253 enim
1749 1231 1856 1263 sump-

1078 1276 1117 1306 sit
1140 1277 1173 1307 in
1197 1276 1464 1315 interrogatione,
1491 1275 1618 1316 impulit
1639 1276 1673 1306 in
1692 1284 1856 1307 assecura—

1079 1330 1164 1361 tione
1177 1355 1185 1368 ,
1202 1330 1309 1361 allexit
1326 1333 1434 1360 antem
1457 1330 1489 1360 in
1509 1329 1729 1370 promissione.
1746 1329 1855 1361 Primo

1079 1385 1164 1415 enim
1180 1384 1393 1423 interrogavit
1410 1384 1447 1414 (10
1463 1393 1559 1414 causa
1574 1384 1734 1422 mandati,
1750 1386 1786 1415 ut
1800 1393 1854 1415 ra-

1079 1438 1198 1468 tionem
1216 1438 1343 1468 duceret
1361 1438 1393 1467 in
1409 1437 1562 1475 dubium;
1581 1437 1721 1468 secundo
1733 1439 1854 1476 autem,

1079 1490 1275 1521 dubitatione
1301 1490 1433 1521 liabita³
1457 1501 1464 1520 :
1489 1490 1534 1521 Ne
1557 1490 1636 1528 sorte
1658 1491 1853 1528 moriamur,

1079 1545 1293 1582 assecuravit,
1310 1547 1346 1575 ut
1361 1544 1551 1574 irascibilem
1573 1544 1703 1575 duceret
1724 1544 1758 1574 in
1779 1552 1853 1574 con-

1079 1601 1254 1639 temptum;
1274 1598 1366 1629 tertio
1380 1598 1544 1642 promisit,
1561 1601 1597 1628 ut
1620 1597 1854 1638 concupiscibi—

1079 1654 1141 1684 lem
1157 1653 1287 1683 ‹luceret
1310 1653 1342 1682 in
1365 1651 1542 1691 appetitum
1558 1661 1566 1682 z
1580 1653 1611 1682 et
1630 1651 1674 1682 sic
1688 1651 1739 1682 his
1753 1651 1856 1682 tribus

1080 1707 1181 1738 modis
1205 1707 1384 1738 libertatem
1408 1705 1530 1736 arbitrii
1560 1705 1700 1736 traheret
1721 1705 1759 1736 ad
1783 1714 1855 1736 con·

1080 1771 1208 1792 sensnm
1221 1785 1228 1797 ‚
1244 1770 1318 1800 qua·
1334 1759 1467 1790 facultas
1483 1762 1526 1789 est
1543 1749 1855 1790 1·ationis¹etvolun-

1079 1815 1165 1853 tatis,
1179 1815 1388 1854 complectens
1396 1814 1606 1844 nibilominus
1616 1815 1680 1844 tres
1690 1812 1856 1853 praedietas

1080 1870 1180 1907 vires,
1205 1869 1323 1900 scilicet
1347 1868 1554 1905 rationalem,
1582 1866 1773 1897 irascibilem
1790 1889 1798 1905 ‚
1825 1869 1855 1897 et

1080 1922 1361 1963 concupiscibilem
1385 1932 1392 1952 τ
1418 1923 1562 1961 respectu
1583 1929 1719 1961 quarum
1745 1919 1855 1950 diabo-

1080 1977 1129 2007 lus
1144 1977 1252 2007 allexit
1268 1976 1435 2007 mulierem
1455 1985 1511 2015 per
1527 1974 1642 2014 triplex
1663 1972 1833 2013 appetibile
1847 1995 1855 2011 ‚

1080 2031 1195 2061 scilicet
1220 2040 1277 2071 per
1300 2030 1481 2066 scientiam,
1507 2037 1580 2068 qnae
1607 2029 1653 2058 est
1677 2026 1857 2066 appetibilis

1081 2085 1247 2122 rationali;
1266 2094 1321 2124 per
1340 2082 1559 2114 excellentiam
1575 2081 1614 2112 ad
1634 2079 1765 2111 modum
1782 2079 1835 2110 Dei
1847 2103 1855 2117 ,

1081 2148 1154 2179 qua·
1183 2141 1228 2169 est
1249 2137 1428 2178 appetibilis
1446 2135 1613 2172 irascibili;
1641 2143 1697 2174 per
1719 2133 1858 2164 suavita·

1081 2195 1144 2223 tem
1167 2193 1268 2232 ligni,
1293 2201 1366 2232 quae
1391 2194 1435 2221 051
1457 2188 1637 2230 appetibilis
1660 2187 1855 2227 concupisci-

1081 2246 1135 2277 bili
1154 2257 1160 2276 :
1177 2247 1263 2276 etsie
1279 2245 1408 2276 tentavit
1426 2254 1520 2274 omne
1531 2267 1539 2281 ,
1557 2242 1641 2282 qnod
1657 2244 1724 2273 erat
1740 2241 1772 2271 in
1788 2250 1858 2271 tnu-

1083 2300 1159 2330 liere.
1176 2300 1344 2337 tentabilc,
1363 2308 1418 2339 per
1433 2308 1528 2329 omne
1544 2296 1620 2327 illud
1635 2296 1718 2336 quod
1735 2297 1857 2335 poterat

1082 2354 1114 2384 in
1131 2354 1337 2384 tentationem
1353 2353 1476 2389 induci,
1494 2351 1578 2391 quod
1603 2353 1649 2380 est
1665 2348 1779 2389 triplex
1798 2357 1854 2388 ap-

1083 2407 1210 2447 petibile
1227 2407 1354 2444 mundi,
1371 2406 1488 2436 scilicet
1506 2405 1515 2420 ⁴
1537 2402 1712 2434 secundnm
1735 2410 1856 2432 coneu-

1083 2461 1268 2500 piscentiam
1295 2460 1412 2497 carnis⁷
1433 2456 1721 2497 concupiscentiam
1745 2455 1856 2486 oculo-

1083 2523 1156 2545 rum
1170 2538 1180 2552 ,
1207 2516 1237 2544 et
1260 2513 1441 2553 superbiam
1468 2511 1564 2541 vitae:
1584 2509 1760 2540 secundum
1784 2519 1856 2549 quae

1083 2568 1143 2598 tria
1182 2566 1356 2597 attenditur
1397 2565 1501 2595 omnis
1530 2563 1713 2594 tentationis
1740 2564 1854 2603 origo,

1083 2621 1152 2651 sive
1166 2629 1185 2651 a
1200 2619 1320 2650 mundo
1333 2643 1341 2657 ,
1357 2618 1423 2649 sive
1441 2627 1460 2648 a
1473 2626 1586 2655 carne,
1603 2617 1671 2648 sive
1686 2626 1705 2647 a
1720 2616 1856 2648 diabolo.

1116 2683 1147 2712 (a)
1164 2682 1224 2706 Caet.
1238 2682 1298 2705 edit.
1311 2680 1511 2711 intelligentiam.

1871 861 1974 883 Diabolus

1876 899 1915 914 cur
1924 899 1969 914 mu-

1888 924 1963 946 liei-em

1892 957 1955 982 prius

1870 986 1967 1007 tentavit.
