2003 3037
781 191 899 224 PART.
923 191 977 224 111.
1000 191 1108 224 SECT.
1132 192 1240 225 xxlv.

199 271 281 294 vens
293 265 341 293 est
354 269 420 293 non
442 269 484 293 ex
505 261 623 292 natura
647 259 844 298 extrinseca,
865 259 920 291 sed
941 267 983 292 ex

199 315 320 358 seipsa;
337 325 403 347 non
417 315 486 348 vita
501 313 641 354 mortali,
658 313 713 345 sed
724 315 890 355 perpetua.
908 313 983 345 For-

202 379 256 402 ma
267 379 345 402 vero
359 369 555 410 intelligens,
572 377 640 400 non
654 369 782 399 tantum
791 369 911 406 creata,
928 367 983 399 sed

200 424 296 456 etiam
317 433 374 465 per
397 423 584 456 creatricem
603 422 777 454 essentiam
790 445 799 460 ,
827 422 867 454 ad
890 422 984 462 quus

200 477 380 518 imaginem
393 478 424 509 et
439 475 683 508 similitudinem
698 476 781 507 facta
797 476 855 506 est.
873 475 982 523 lmaqo

199 532 308 562 autem
317 530 463 562 nominat
473 530 694 562 conformitate
740 529 773 560 in
784 528 964 570 quantitate
974 539 981 566 ;

200 584 382 618 similitudo
391 593 469 617 vero
479 608 489 624 ,
501 584 637 616 conveni
706 576 759 615 am
771 583 805 614 in
815 582 980 623 qualitate.

200 638 314 679 Imago
336 647 478 679 namque
502 638 577 670 dicit
597 637 771 678 quamdam
795 637 984 676 configura-

200 693 338 731 tionem3
356 694 387 724 et
409 692 464 724 illa
485 692 638 733 importat
660 693 804 732 figuram
817 716 824 730 ,
846 699 920 731 quae
938 691 986 721 est

201 746 364 787 quantitas
384 746 417 777 in
433 746 588 787 qualitate
599 770 608 784 ‚
626 748 657 777 et
677 745 815 786 qualitas
829 744 863 775 in
878 753 984 785 quan-

200 800 303 832 titate.
326 800 508 832 Similitudo
529 810 606 832 vero
630 800 748 831 dicitur
764 809 876 831 rerum
892 799 984 831 diffe-

200 854 343 885 rentium
369 854 480 885 eadem
503 854 649 894 qualitas,
675 853 724 885 Ex
751 854 812 885 hac
832 853 986 894 primaria

201 907 392 946 differentia,
409 907 527 948 triplex
539 908 652 939 modus
665 908 887 948 distinguendi
902 908 986 939 inter

201 961 382 1001 imaginem
398 963 428 992 et
444 961 688 993 similitudinem
705 961 888 1001 assignatur
908 973 914 993 :
934 971 984 993 se-

202 1016 345 1047 cundum
370 1014 584 1056 Hugonem'¹‚
608 1016 718 1055 imago
741 1015 870 1056 respicit
895 1017 986 1056 figu-

202 1079 288 1108 ram,
314 1069 491 1101 similitudo
515 1070 682 1107 naturam3
709 1069 791 1100 alius
807 1071 855 1100 est
869 1070 986 1101 modus

203 1123 444 1163 distinguendi,
460 1123 546 1164 quod
569 1123 679 1163 imago
704 1124 751 1154 est
772 1122 806 1153 in
827 1123 983 1154 naturali—

204 1177 283 1216 bus,
301 1177 475 1208 similitudo
490 1177 524 1208 in
541 1177 711 1217 gratuitis3
729 1176 842 1208 tertius
857 1177 984 1216 moduS,

203 1223 381 1262 secundani
403 1231 626 1270 Augustinum
641 1231 662 1266 ³.
678 1232 745 1266 est,
771 1230 857 1271 quod
871 1230 984 1270 imago

203 1287 252 1316 est
278 1285 313 1315 in
335 1286 476 1325 potentia
500 1285 733 1325 cognoscendi,
762 1284 936 1316 similitudo
952 1285 986 1315 in

204 1339 346 1379 potentia
361 1339 526 1379 diligendi.
543 1338 619 1370 Haec
644 1339 757 1370 ultima
779 1342 826 1370 est
850 1348 907 1379 per
929 1348 984 1379 ap-

204 1393 465 1433 propriationem,
483 1395 542 1432 p'ro
554 1401 592 1423 eo
604 1391 689 1432 quod
703 1392 739 1422 in
752 1392 896 1431 imagine
911 1402 985 1433 quae

204 1449 251 1478 est
267 1456 323 1487 per
345 1446 539 1478 creationem
553 1470 560 1484 ,
580 1446 654 1477 duae
680 1448 754 1477 sunt
774 1447 923 1486 potentiae
945 1456 985 1477 ex

204 1502 293 1541 parte
308 1500 484 1540 cognitivae
495 1524 504 1538 ‚
523 1500 640 1531 scilicet
654 1500 810 1531 memoria
825 1502 855 1531 et
872 1500 986 1532 intelli-

203 1554 331 1594 gentia,
348 1556 378 1585 et
402 1563 469 1585 una
490 1563 530 1584 ex
553 1555 642 1594 parte
670 1553 845 1592 affeetivae,
868 1554 986 1585 scilicet

203 1608 362 1639 voluntas.
376 1607 400 1638 E
414 1607 573 1638 contrario
589 1608 697 1637 autem
713 1607 747 1637 in
763 1607 982 1646 similitudine,

204 1671 278 1702 quae
292 1663 338 1692 est
360 1670 418 1702 per
439 1661 669 1692 recreationem
693 1661 761 1692 sive
783 1661 984 1701 justificatio-

203 1725 278 1746 nem
288 1739 295 1753 ,
311 1715 384 1746 duae
401 1718 476 1746 sunt
491 1716 625 1746 virtutes
640 1724 681 1746 ex
696 1717 785 1755 parte
806 1716 961 1747 effectivae
974 1741 981 1755 ,

204 1769 320 1800 scilicet
331 1778 402 1809 spes
412 1771 443 1800 et
458 1769 611 1807 charitas3
626 1770 658 1800 et
674 1778 740 1800 una
751 1778 791 1800 ex
804 1772 893 1810 parte
908 1779 983 1809 cog-

203 1822 336 1861 nitivae,
357 1822 474 1853 scilicet
494 1822 582 1854 fides.
605 1822 643 1854 Et
663 1825 830 1863 propterea
854 1824 984 1863 ponitur

205 1876 314 1916 imago
330 1876 362 1906 in
386 1876 527 1916 potentia
545 1876 728 1916 cognitiva,
753 1877 929 1908 similitudo
950 1877 985 1908 in

206 1928 347 1969 potentia
372 1928 528 1960 affectiva.
554 1929 713 1960 Diffinitur
741 1931 849 1961 autem
874 1931 983 1970 imago

203 1984 242 2014 ab
255 1983 387 2021 Hilario,
402 1983 436 2013 in
446 1983 527 2014 libro
539 1982 578 2014 de
595 1983 772 2023 Synoais³‚
788 1984 852 2015 sic:
874 1996 888 2014 t(
905 1985 984 2015 Ima-

203 2047 246 2078 go
264 2040 310 2069 est
324 2039 395 2078 ejus
410 2038 473 2076 rei,
490 2038 530 2068 ad
546 2047 644 2078 quam
660 2038 898 2078 coimaginatur
918 2040 956 2079 (a)
971 2064 981 2078 ,

203 2092 322 2131 species
332 2091 529 2122 indifferens.
540 2102 554 2119 »
570 2091 625 2122 Est
642 2092 740 2122 etiam
758 2092 866 2123 anima
881 2094 983 2124 forma

202 2144 351 2175 libertate
365 2147 460 2175 utens
472 2168 480 2182 ,
492 2144 569 2184 quia
585 2153 710 2184 semper
725 2147 771 2175 est
786 2145 886 2176 libera
901 2155 920 2176 a
935 2155 984 2177 co-

202 2199 335 2229 actione.
364 2198 439 2229 Haec
467 2199 575 2228 autem
606 2198 735 2228 libertas
767 2208 786 2229 a
823 2199 984 2231 coactione

203 2251 283 2282 nihil
297 2251 384 2282 aliud
398 2253 456 2289 est,
473 2259 572 2290 quam
588 2250 722 2281 facultas
737 2252 869 2283 rationis
885 2255 915 2283 et
931 2263 984 2284 vo-

202 2305 335 2336 luntatis
347 2329 355 2342 ,
376 2313 450 2345 quae
465 2307 540 2335 sunt
554 2305 705 2344 potentiae
727 2306 844 2337 animae
862 2307 980 2346 princi-

202 2359 297 2399 pales,
317 2357 393 2389 Haec
407 2360 516 2389 autem
534 2357 664 2390 libertas
684 2360 852 2399 consurgit
866 2370 906 2391 ex
928 2361 981 2392 de-

202 2412 390 2444 liberatione
417 2412 617 2452 praeambula
632 2436 641 2450 ,
674 2416 704 2443 et
731 2413 895 2445 voluntate
926 2415 981 2446 ad-

235 2499 242 2514 ¹
267 2499 344 2529 Hug.v
368 2499 458 2522 Aemot.
484 2497 631 2521 elucidator.
659 2498 683 2520 iu
708 2498 805 2527 Genes„
831 2506 853 2522 c.
883 2506 928 2524 vii.
953 2515 983 2519 -

203 2534 213 2550 ²
225 2533 280 2557 Lib.
291 2534 320 2557 (le
331 2535 399 2566 Spt'r.
411 2537 434 2558 et
447 2534 540 2561 Am’m„
554 2540 576 2557 c.
592 2539 698 2557 xvnI.-
712 2534 722 2549 ³
739 2534 826 2563 finan,
838 2535 867 2558 <le
879 2536 983 2567 Syuosl„

205 2569 299 2594 definit.
320 2573 342 2600 1,
357 2578 384 2594 u.
403 2572 438 2594 13.
454 2583 484 2588 -
502 2570 513 2586 ὓ
527 2570 585 2594 Vid.
602 2577 668 2600 sup.y
687 2570 762 2600 hujus
779 2571 839 2595 edit.
855 2574 918 2597 tom.
936 2574 981 2604 lli,

205 2612 230 2636 p.
251 2607 312 2636 193,
337 2607 416 2636 Sent,
447 2606 490 2630 lib.
519 2606 554 2636 ΙΙ,
578 2605 635 2630 dist.
666 2612 726 2636 xxv,
752 2606 778 2630 in
805 2608 985 2640 principio.-

208 2641 216 2654 ⁵
234 2641 318 2672 Bern.‚
337 2641 367 2664 de
381 2641 434 2666 Lib.
452 2641 523 2671 Ara,
541 2643 599 2665 ante
616 2641 684 2666 med.
701 2655 729 2659 —
747 2643 756 2656 ὃ
771 2643 829 2667 Vid.
845 2650 912 2675 sup.,
927 2645 981 2676 huj.

239 2690 270 2719 (a)
287 2689 348 2713 Coet.
365 2689 423 2713 edit.
440 2690 618 2721 imaginamus.

1764 194 1822 225 3⁹5

1035 261 1168 301 juncta;
1190 263 1222 292 et
1246 261 1462 293 communiter
1483 261 1624 293 liberum
1651 260 1821 293 arbitrium

1038 314 1230 356 appellatur.

1079 369 1122 401 De
1134 379 1199 410 quo
1211 369 1311 401 libero
1323 369 1456 402 arbitrio
1470 370 1647 401 videndum
1657 371 1705 401 est
1719 378 1822 410 quan·
1837 370 1942 391 Liberum

1038 425 1110 455 tum
1125 424 1164 455 ad
1180 424 1340 456 diversam
1357 424 1599 463 diffinitionem,
1616 426 1648 455 et
1661 425 1817 465 quantum
1857 401 1922 468 ‹255³ss

1836 463 1908 523 aa.
1920 465 1942 485 ‘³‘

1039 473 1078 504 ad
1092 474 1218 506 variam
1236 473 1542 505 denominationem.
1562 473 1713 506 Liberum
1737 473 1820 505 arbi-

1039 527 1139 558 trium
1154 537 1173 559 a
1189 527 1383 568 Philosopho
1404 527 1449 558 sic
1469 527 1626 559 diffinitur
1640 527 1651 544 ⁴
1668 539 1676 559 ι
1701 539 1716 557 «
1732 527 1822 559 Libe-

1039 589 1114 612 rum
1129 581 1168 613 de
1184 582 1351 613 voluntate
1370 580 1543 622 Judicium.
1555 593 1569 611 n
1588 582 1617 613 A
1631 581 1793 613 Bernardo
1808 582 1819 599 '⁵

1039 635 1101 674 sic,
1117 635 1151 666 in
1165 635 1248 667 libro
1263 635 1301 668 de
1322 635 1432 668 Libero
1448 635 1591 668 Arbitrio
1607 647 1619 668 .·
1639 647 1652 665 (ι
1667 635 1821 667 Liberum

1042 689 1214 720 arbitrium
1241 691 1289 720 est
1311 698 1486 721 consensus
1511 689 1552 720 ob
1566 688 1743 721 voluntatis
1769 689 1822 719 in-

1040 744 1251 776 amissibilem
1266 744 1444 776 libertatem
1457 769 1464 783 ,
1481 747 1513 775 et
1531 744 1664 776 rationis
1683 743 1820 775 indecli-

1039 798 1145 829 nabile
1155 799 1327 839 Judicium.
1341 809 1355 827 n
1372 798 1421 830 Ab
1437 797 1640 838 Augustino‘
1653 797 1697 828 sic
1714 806 1721 828 :
1743 808 1758 826 α
1772 796 1822 828 Li-

1040 853 1156 884 berum
1170 853 1342 884 arbitrium
1357 855 1404 884 est
1418 853 1552 884 facultas
1568 852 1700 883 rationis
1714 854 1747 883 et
1762 861 1821 883 vo-

1040 907 1188 946 luntatis,
1206 917 1270 948 qua
1292 908 1415 938 bonum
1431 907 1575 947 eligitur,
1600 906 1705 946 gratia
1726 905 1821 937 assis-

1041 963 1146 1000 tente,
1172 961 1224 993 vel
1242 961 1381 1000 malum,
1407 961 1519 992 eadem
1541 961 1723 992 desistente.
1739 971 1754 989 n
1772 960 1822 992 Ab

1041 1015 1214 1046 Anselmo⁷
1229 1015 1274 1046 sic
1291 1027 1298 1046 :
1320 1027 1334 1045 «
1348 1015 1503 1046 Liberum
1518 1015 1689 1046 arbitrium
1705 1016 1753 1046 est
1768 1024 1822 1054 po—

1041 1070 1136 1099 testas
1163 1069 1313 1100 servandi
1337 1069 1561 1100 rectitudinem
1584 1070 1714 1109 propter
1736 1069 1821 1109 seip-

1041 1130 1122 1152 sam.
1140 1125 1156 1149 ›>'
1174 1121 1279 1153 Potest
1296 1122 1384 1153 enim
1402 1122 1540 1153 liberum
1556 1122 1726 1153 arbitrium
1748 1131 1822 1153 con-

1041 1175 1175 1206 siderari
1188 1179 1347 1216 quantum
1362 1176 1400 1207 ad
1416 1178 1541 1214 actum,
1559 1178 1590 1206 et
1605 1176 1649 1206 sic
1665 1176 1823 1207 diffinitur

1042 1238 1060 1260 a
1075 1228 1237 1261 Bernardo
1248 1241 1255 1268 ;
1268 1232 1428 1270 quantum
1438 1230 1477 1261 ad
1488 1232 1595 1261 actum
1603 1232 1634 1261 et
1643 1230 1820 1270 objectum,

1041 1284 1072 1313 et
1087 1283 1131 1313 sic
1145 1283 1185 1313 ab
1201 1283 1352 1314 Anselmo
1365 1294 1373 1321 ;
1391 1285 1548 1324 quantum
1569 1284 1609 1314 ad
1632 1285 1742 1314 actum
1753 1308 1762 1322 ,
1790 1286 1822 1315 et

1041 1337 1219 1376 objectum,
1236 1339 1266 1368 et
1281 1338 1379 1368 finem
1396 1337 1548 1369 ultimum
1559 1363 1567 1376 ,
1589 1340 1620 1369 et
1637 1338 1681 1369 sic
1697 1339 1736 1369 ab
1751 1338 1822 1369 Au-

1042 1391 1182 1430 gustino.
1199 1391 1430 1423 Denominatur
1445 1394 1553 1423 autem
1571 1392 1631 1423 ista
1646 1392 1788 1433 potentia
1804 1402 1822 1423 a

1040 1444 1193 1484 Magistro
1209 1445 1447 1476 Sententiarum
1459 1448 1469 1465 Β
1488 1457 1494 1477 :
1513 1445 1682 1477 «Libertas
1696 1455 1714 1477 a
1729 1455 1821 1477 coac-

1040 1500 1140 1538 tione,
1156 1500 1224 1531 sive
1240 1501 1425 1531 necessitate
1437 1525 1446 1539 ,
1463 1510 1482 1532 a
1502 1501 1596 1541 culpa
1608 1525 1616 1538 ,
1633 1503 1663 1531 et
1686 1510 1705 1531 a
1725 1501 1821 1532 mise-

1041 1555 1088 1585 ria
1099 1564 1107 1593 3
1119 1566 1133 1583 ›)
1153 1564 1172 1585 a
1184 1554 1345 1585 Bernardo
1357 1555 1367 1571 ⁹
1383 1563 1459 1586 vero
1475 1566 1482 1585 t
1502 1567 1516 1584 «
1530 1554 1671 1586 Libertas
1685 1555 1820 1593 arbitrii,

1041 1608 1174 1645 consilii,
1194 1610 1225 1639 et
1241 1608 1419 1648 complaciti
1433 1619 1439 1639 2
1456 1619 1469 1636 n
1491 1617 1509 1638 a
1522 1608 1673 1648 Magistro
1691 1607 1823 1639 Senten-

1040 1663 1172 1701 tiarum,
1184 1663 1358 1703 privative3
1373 1672 1392 1694 a
1402 1662 1576 1701 Bernardo,
1589 1662 1735 1703 positive.
1747 1662 1823 1693 Con-

1041 1716 1173 1747 siderari
1193 1717 1280 1747 enim
1305 1719 1407 1757 potest
1428 1717 1558 1748 libertas
1584 1717 1644 1748 ista
1661 1718 1822 1757 quantum

1041 1770 1081 1801 ad
1095 1779 1162 1801 esse
1173 1793 1180 1807 ‚
1199 1773 1229 1801 et
1244 1771 1289 1801 sic
1303 1771 1418 1801 dicitur
1435 1780 1454 1801 a
1477 1770 1632 1810 Magistro
1650 1781 1656 1800 :
1675 1770 1821 1802 Libertas

1040 1833 1060 1856 a
1070 1825 1243 1862 coactione,
1258 1825 1415 1864 privative
1426 1834 1433 1862 ;
1452 1834 1469 1855 a
1481 1824 1641 1855 Bernardo
1654 1835 1660 1854 ι
1675 1823 1822 1855 Libertas

1040 1878 1184 1916 arbitrii,
1204 1878 1350 1917 positive.
1376 1878 1472 1915 Item,
1495 1880 1652 1918 quantum
1674 1878 1712 1908 ad
1740 1877 1822 1908 bene

1040 1941 1124 1970 esse,
1150 1932 1189 1962 ad
1214 1932 1301 1972 quod
1322 1932 1499 1971 requiritur
1524 1931 1643 1972 duplex
1672 1932 1795 1962 bonum
1812 1955 1819 1968 ‚

1040 1985 1159 2016 scilicet
1174 1986 1297 2016 bonum
1312 1986 1507 2024 rectificans,
1525 1986 1591 2017 sive
1610 1985 1774 2022 ordinans,
1791 1988 1821 2016 et

1040 2040 1166 2071 bonum
1181 2040 1357 2078 delectans,
1386 2040 1453 2071 sive
1472 2040 1639 2080 quietans;
1663 2042 1694 2070 et
1709 2039 1820 2070 exclu-

1039 2094 1128 2125 ditur
1141 2095 1258 2135 duplex
1276 2094 1398 2125 malum
1410 2119 1418 2132 ,
1440 2094 1558 2125 scilicet
1577 2094 1698 2125 malum
1713 2094 1820 2125 defor-

1041 2158 1148 2187 mans,
1180 2151 1210 2179 et
1234 2148 1355 2178 malum
1380 2148 1549 2187 affligens:
1574 2150 1719 2188 respectu
1744 2146 1820 2177 mali

1040 2202 1264 2240 deformantis,
1281 2202 1396 2232 dicitur
1409 2211 1428 2232 a
1445 2201 1597 2241 Magistro
1615 2211 1622 2232 :
1640 2201 1785 2233 Libertas
1800 2209 1821 2232 a

1040 2257 1145 2296 culpa,
1159 2256 1332 2296 privative,
1350 2258 1497 2295 respectu
1512 2256 1586 2286 boni
1601 2256 1818 2294 rectificantis,

1041 2311 1156 2342 dicitur
1177 2320 1195 2341 a
1211 2310 1372 2341 Bernardo
1390 2321 1396 2341 :
1415 2311 1554 2343 Libertas
1568 2312 1714 2352 consilii,
1733 2314 1818 2353 posi-

1040 2365 1116 2396 tive.
1134 2364 1289 2403 Respectu
1306 2363 1382 2394 mali
1393 2364 1576 2404 affligentis,
1594 2366 1710 2398 dicitur
1725 2378 1744 2398 a
1759 2368 1821 2399 Ma-

1041 2419 1141 2458 gistro
1159 2429 1164 2448 z
1192 2418 1335 2450 Libertas
1358 2427 1378 2449 a
1399 2419 1544 2458 miseria,
1560 2420 1738 2460 privative;
1769 2426 1818 2453 r'e-

1040 2474 1149 2513 spectu
1164 2472 1240 2503 boni
1254 2472 1424 2512 quietantis
1437 2497 1444 2510 ,
1463 2472 1580 2504 dicitur
1595 2483 1613 2504 a
1633 2474 1792 2506 Bernardo
1810 2487 1817 2506 :

1041 2526 1186 2558 Libertas
1200 2526 1394 2565 complaciti,
1411 2526 1556 2565 positive.

1041 2589 1101 2612 edit.
1118 2591 1179 2612 toni.
1200 2589 1243 2619 ΙΙΙ,
1259 2596 1283 2618 p.
1308 2589 1360 2617 153,
1375 2588 1455 2618 Sem„
1480 2588 1524 2612 lib.
1541 2590 1571 2620 ll,
1590 2590 1647 2613 dist.
1664 2591 1820 2621 xx.v,§L1'-

1041 2624 1126 2647 ber-um
1144 2631 1208 2647 vero.
1229 2637 1260 2641 —
1279 2624 1289 2640 ⁷
1311 2624 1434 2655 Anselm„
1458 2624 1487 2647 (le
1509 2625 1563 2649 Lib.
1587 2626 1658 2653 Arla,
1682 2633 1704 2649 c.
1730 2632 1771 2649 xv.
1790 2639 1820 2644 —

1040 2660 1048 2674 ⁸
1065 2660 1144 2690 Seni„
1160 2660 1203 2684 lib.
1221 2660 1252 2690 ΙΙ,
1270 2659 1327 2684 dist.
1345 2666 1406 2691 XXV,
1424 2663 1486 2684 tom.
1504 2661 1547 2691 ΙΙΙ,
1564 2668 1589 2691 p.
1609 2662 1660 2685 195.
1675 2674 1704 2680 —
1722 2664 1730 2677 ²*
1758 2662 1818 2687 Loc-

1041 2695 1085 2720 cit.
