2003 3037
84 579 162 601 Libidi-

78 616 138 631 nomeu

70 641 154 662 deordi-

61 672 157 693 nationis

56 708 129 729 poenu.

698 290 748 323 DE
769 289 899 323 STATU
921 290 1077 324 FINALIS
1097 291 1246 326 sumen.

175 361 240 392 tem
256 369 381 402 semper
394 360 479 392 malo
501 358 643 391 adhaeret
662 357 730 389 sine
750 357 947 398 susceptione

175 414 382 454 poenitentiae,
411 413 457 445 sic
479 412 562 444 Deus
584 419 710 452 semper
734 410 858 450 affligat
879 411 947 443 sine

177 467 399 499 immutatione
413 465 578 498 sententiae
587 487 595 502 ‚
612 464 793 505 requirente
806 464 867 495 1106
879 472 948 505 per-

178 520 328 560 petuitate
342 518 588 552 deordinationis
602 517 637 548 in
651 517 758 557 impiis
777 517 946 548 damnatis.

217 573 340 605 Rursus
349 598 357 612 ,
373 573 525 614 quoniam
540 571 789 603 deordinationis
802 570 949 602 libidino-

177 636 220 659 sae
234 636 329 667 poena
343 626 434 658 debet
444 635 511 657 esse
523 625 687 662 afflictiva,
700 625 776 665 quia
785 624 948 656 delectatio

178 680 308 720 punitur
324 689 379 720 per
397 679 557 710 tristitiam
577 678 786 717 contrariam,
804 680 833 709 et
856 678 948 718 spiri-

178 733 414 765 tus-rationalis
438 733 471 764 in
494 733 652 773 peccando
678 733 834 764 convertit
852 741 884 763 se
909 732 948 763 ad

175 787 296 819 bonum
311 787 475 828 proprium
486 811 495 825 ‚
510 789 541 818 et
555 789 591 818 ut
607 796 710 825 nunc,
724 789 755 817 et
770 786 902 826 partiale
914 786 950 816 11-

174 839 315 872 11111111056
341 841 514 871 amandnm
525 865 532 879 ,
559 842 589 871 ct
616 849 656 871 ex
686 839 746 871 hoc
773 839 950 870 contemnit

175 893 321 925 divinum
343 894 515 934 imperium
531 895 562 924 el.
576 893 754 924 dominium
772 903 779 922 ι
797 893 871 923 111116
885 894 947 932 651,

175 947 259 988 quod
274 947 313 978 ad
334 947 411 985 1106,
437 947 520 987 1]11011
545 946 596 976 illa
618 946 781 977 delectatio
805 947 950 986 improba

176 1001 310 1041 perfecte
325 1001 487 1041 puniatur,
505 1000 538 1031 iu
554 1010 617 1040 qua
632 1000 727 1031 simul
743 1001 790 1031 est
814 999 949 1031 delecta-

176 1055 219 1086 tio
234 1064 307 1086 cum
322 1056 504 1095 contemptu
515 1078 524 1092 ,
540 1059 667 1084 necesse
682 1055 729 1085 est
743 1053 828 1093 quod
841 1053 880 1084 ad
893 1063 949 1094 pu-

174 1108 327 1139 nitionem
343 1108 428 1138 illius
446 1109 647 1147 contemptus
661 1109 692 1137 et
713 1107 947 1146 delectationis,

175 1163 329 1202 peccator,
342 1161 409 1191 sive
420 1161 460 1191 sit
475 1160 582 1198 homo,
598 1161 665 1191 slve
676 1160 818 1200 spiritus,
836 1160 948 1200 praeci-

175 1215 292 1255 pitetur
306 1215 339 1245 in
354 1214 458 1245 locum
470 1215 618 1245 infimum
626 1238 635 1252 ,
647 1216 677 1244 et
687 1214 825 1245 maxime
836 1223 855 1244 a
865 1216 950 1245 statu

177 1269 290 1307 gloriae
304 1268 536 1308 longinquum,
560 1268 619 1298 hoc
629 1270 676 1298 est
691 1268 724 1298 in
743 1268 950 1307 profundissi-

177 1329 266 1350 mum
277 1320 447 1350 infernum.
461 1319 592 1350 Necesse
609 1322 656 1350 est
671 1319 767 1350 etiam
780 1343 788 1357 ,
805 1319 889 1359 qnod
905 1319 949 1349 ibi

176 1375 356 1413 exponatur
365 1373 556 1412 affligendus
571 1373 689 1404 intima}
699 1374 831 1411 naturae,
844 1382 880 1403 ac
894 1382 950 1412 per

176 1427 236 1458 1106
247 1436 311 1457 11011
321 1427 523 1457 65111151611116
539 1426 692 1466 spirituali
704 1426 854 1466 patiatur,
867 1427 920 1457 sed
931 1437 950 1458 a

176 1480 346 1520 corporali,
359 1482 389 1510 et
400 1480 528 1518 infima,
540 1480 599 1510 hoc
613 1482 659 1510 est
669 1489 687 1510 a
697 1480 827 1510 faecibus
838 1489 947 1520 corpo—

176 1541 248 1563 rum
261 1533 509 1571 mundanorum,
518 1534 591 1564 utin
598 1533 728 1564 saecibus
737 1533 795 1564 defi
800 1535 906 1572 gatur,
919 1535 950 1564 et

177 1586 271 1626 igne,
287 1589 317 1617 et
331 1587 486 1627 sulphure
498 1589 729 1618 concremetur.
745 1586 783 1617 Et
796 1587 949 1626 qnoniam

176 1640 322 1680 spiritus„
345 1640 400 1680 qui
417 1649 473 1680 per
496 1643 644 1671 naturam
666 1640 866 1680 praeponitur
881 1649 952 1671 cor-

177 1693 266 1733 pori,
284 1695 314 1724 et
329 1693 361 1723 in
377 1702 491 1733 corpus
510 1693 607 1724 habet
621 1693 755 1724 influere
768 1716 776 1730 ,
793 1695 824 1724 61
843 1693 950 1733 ipsum

178 1755 308 1777 movere
316 1771 325 1785 ,
340 1746 528 1786 dignitatem
539 1749 663 1778 naturae
675 1755 731 1787 per
741 1746 868 1787 culpam
883 1756 951 1787 per-

177 1800 287 1839 vertit,
301 1803 332 1831 et
347 1809 379 1831 se
395 1801 522 1841 subjicit
536 1801 674 1841 quodam
686 1801 780 1832 modo
794 1801 907 1833 vilitati
920 1803 950 1832 et

176 1853 325 1884 nihilitati
340 1855 478 1893 peccati3
497 1854 573 1884 hinc
589 1856 653 1892 est,
671 1854 756 1894 quod
775 1854 950 1885 secundum

178 1907 322 1938 ordinem
334 1908 466 1947 ¹iustitias
477 1907 567 1938 debet
582 1908 735 1946 ordinari,
750 1910 786 1939 ut
800 1910 864 1939 tam
881 1917 951 1948 pec·

178 1962 265 1991 cator
285 1961 435 2000 spiritus,
454 1970 553 2001 quam
569 1961 686 1999 homo,
708 1961 778 2000 igni
799 1970 950 2001 corporeo

179 2012 338 2052 alligetur,
357 2023 421 2045 non
435 2015 471 2045 ut
485 2014 519 2045 in
532 2014 624 2045 illum
640 2015 754 2045 influat
767 2014 879 2052 vitam,
896 2015 950 2045 5611

178 2067 214 2096 ut
240 2066 348 2098 divino
371 2067 495 2098 decreto
525 2068 675 2108 suscipiat
700 2077 839 2108 poenam.
870 2067 950 2099 Cum

180 2120 264 2150 enim
280 2121 324 2151 rei
339 2145 346 2158 ,
363 2130 461 2161 quam
476 2121 584 2153 horret
599 2131 655 2161 per
669 2122 818 2152 timorem
834 2121 949 2152 divini-

179 2174 231 2202 tus
247 2172 427 2204 immissum
439 2197 448 2211 ,
465 2175 495 2204 et
512 2183 610 2213 quam
625 2174 720 2204 sentit
738 2183 794 2214 per
809 2175 876 2205 vim
890 2183 948 2205 na—

181 2225 290 2255 turalis
305 2235 433 2264 sensus,
450 2227 489 2256 sit
507 2227 758 2266 inseparabiliter
779 2227 930 2265 alligatus
941 2251 949 2266 ,

180 2287 307 2309 11666556
332 2281 378 2310 est
405 2279 488 2319 quod
518 2280 634 2311 acriter
659 2282 881 2311 tormentetur.
914 2280 952 2311 Et

180 2332 255 2371 quia
269 2332 321 2363 ille
343 2333 430 2371 ignis
450 2343 516 2364 11011
531 2334 599 2373 agit
619 2334 679 2364 nisi
700 2343 756 2373 per
771 2334 950 2373 dispositio-

180 2395 253 2416 nem
270 2386 405 2425 peccati,
424 2389 455 2417 et
470 2389 595 2425 reatus,
611 2389 641 2418 et
656 2387 790 2418 maculae
801 2411 810 2425 ‚
829 2396 870 2418 ex
889 2388 952 2418 1111-

181 2439 335 2477 probitate
360 2440 502 2471 libidinis
525 2441 736 2481 procedentis;
755 2443 785 2471 et
800 2441 868 2471 haec
887 2450 953 2472 non

182 2494 228 2522 651
242 2493 405 2532 aequaliter
418 2493 452 2524 in
467 2494 633 2524 omnibus:
652 2494 727 2524 hinc
741 2496 797 2532 est,
816 2494 900 2533 quod
913 2495 952 2525 ab

183 2544 292 2575 eodem
313 2546 388 2585 igne
411 2547 464 2577 alii
489 2549 672 2578 cremantur
695 2548 781 2588 plus,
807 2548 860 2578 alii
877 2558 953 2580 vero

183 2596 299 2636 minus,
315 2599 394 2629 sicut
408 2600 447 2630 ab
462 2601 572 2631 eodem
588 2602 665 2640 igne
680 2601 771 2631 aliter
781 2601 887 2632 uritur
900 2611 954 2641 pa-

183 2649 246 2687 lea,
262 2652 294 2681 et
316 2651 405 2682 aliter
418 2653 618 2685 comburitur
631 2654 769 2694 lignum.
794 2654 952 2691 Quoniam

183 2705 289 2734 autem
305 2704 357 2735 illa
371 2706 488 2745 peccati
501 2707 660 2738 distinctio
672 2731 679 2745 ,
701 2710 732 2738 et
756 2710 878 2747 reatus,
902 2717 953 2739 se-

183 2757 323 2789 cundnm
338 2767 436 2798 quam
450 2760 529 2790 actio
543 2761 629 2799 ignis
644 2761 840 2800 moderatur,
859 2764 906 2792 est
920 2762 954 2793 in

1719 299 1776 330 33⁹

1004 359 1115 390 eodem
1135 359 1320 400 uniformis,
1336 364 1368 393 et
1383 371 1548 404 nunquam
1565 363 1693 402 crescit,
1719 372 1778 396 nec

1004 412 1172 452 decrescit,
1188 422 1247 445 nec
1270 416 1432 453 mutatum
1450 415 1525 447 hinc
1544 416 1610 455 est,
1626 415 1713 457 quod
1735 416 1779 449 di-

1004 465 1081 497 vino
1103 466 1238 507 imperio
1251 467 1431 506 ordinante,
1450 468 1537 508 ignis
1560 469 1614 501 ille
1633 469 1679 501 sic
1696 469 1777 510 agit,

1005 519 1089 559 qnod
1105 528 1231 561 semper
1245 520 1322 558 urit,
1338 522 1369 552 et
1383 531 1448 553 non
1463 522 1637 562 consumit3
1653 532 1780 564 semper

1005 572 1138 612 affligit,
1156 574 1188 605 et
1201 582 1266 605 non
1291 573 1460 606 interimit:
1479 575 1555 616 quia
1574 584 1639 607 non
1657 576 1727 616 agit
1740 576 1780 609 ad

1005 634 1074 657 suae
1098 627 1209 659 formae
1224 627 1519 668 multiplicationem
1530 653 1538 668 ,
1567 629 1623 661 sed
1641 629 1681 661 ad
1696 631 1781 671 pacis

1005 679 1123 711 animas
1138 679 1170 710 111
1186 689 1317 721 corpore
1331 682 1620 722 perturbationem,
1644 683 1712 715 sive
1733 684 1781 725 ip-

1005 734 1073 766 sius
1095 735 1224 776 spiritus
1252 736 1286 766 in
1303 735 1418 777 seipso.
1442 736 1530 769 Unde
1554 746 1619 769 non
1637 738 1674 769 111
1697 747 1783 771 nova

1005 787 1165 829 ademptio
1176 813 1186 828 ,
1203 789 1256 820 sed
1275 789 1432 830 ademptae
1455 790 1541 831 pacis
1559 791 1755 824 continuatio
1772 803 1779 824 ε

1005 843 1042 872 111
1055 841 1100 872 516
1114 841 1148 872 111
1162 842 1273 873 eadem
1287 852 1396 884 poena,
1414 852 1473 875 nec
1487 844 1642 876 acerbitas
1656 845 1783 877 aeterni-

1006 895 1102 926 tatem
1113 919 1122 934 ,
1139 904 1198 927 nec
1213 897 1375 928 aeternitas
1389 897 1479 929 tollat
1493 898 1709 931 acerbitatem.

1045 947 1208 980 Postremo
1218 973 1228 988 ,
1244 950 1397 990 quoniam
1412 950 1664 983 deordinationis
1678 952 1783 984 multi-

1007 1001 1110 1032 modae
1132 1010 1227 1042 poena
1251 1002 1344 1034 debet
1369 1012 1436 1035 esse
1462 1004 1670 1044 multimoda;
1695 1008 1726 1037 et
1749 1006 1782 1037 in

1006 1054 1095 1084 omni
1111 1056 1238 1094 peccato
1253 1056 1368 1087 actuali
1384 1057 1511 1088 mortali
1532 1060 1580 1088 est
1599 1058 1784 1092 deordinata

1006 1107 1132 1139 aversio
1147 1117 1166 1138 a
1180 1117 1309 1140 summa
1323 1109 1394 1141 luce
1415 1112 1446 1141 et
1459 1110 1620 1150 bonitate,
1642 1114 1674 1144 et
1695 1113 1783 1145 inor-

1006 1159 1113 1192 dinata
1136 1162 1303 1193 conversio
1330 1162 1369 1193 ad
1389 1162 1511 1195 bonnm
1536 1166 1781 1206 commutabile,

1006 1214 1038 1245 et
1062 1214 1261 1246 deordinatio
1285 1215 1460 1247 voluntatis
1490 1219 1600 1248 contra
1626 1218 1783 1250 dictamen

1006 1267 1136 1298 rationis
1161 1270 1254 1300 rectae
1277 1280 1284 1300 t
1311 1269 1386 1300 111116
1400 1272 1466 1308 651,
1492 1270 1575 1310 quod
1595 1280 1706 1303 omnes
1730 1282 1781 1304 66-

1005 1321 1133 1352 tualiter
1149 1324 1314 1362 peccantes
1327 1346 1335 1360 ‚
1351 1323 1407 1363 qui
1422 1326 1518 1355 erunt
1537 1324 1699 1364 damnati,
1720 1335 1781 1367 pu-

1006 1374 1134 1406 nientur
1154 1384 1249 1415 poena
1267 1376 1400 1416 triplici:
1417 1379 1545 1418 propter
1559 1379 1759 1411 aversionem
1771 1405 1779 1419 ‚

1007 1429 1145 1459 carentia
1159 1429 1291 1460 visionis
1302 1429 1367 1467 Dei;
1385 1433 1515 1471 propter
1528 1433 1781 1473 conversionem,

1006 1489 1100 1520 poena
1114 1481 1252 1513 incendii
1268 1483 1459 1522 materialis3
1486 1486 1616 1525 propter
1634 1495 1782 1526 pugnam

1006 1537 1182 1568 voluntatis
1196 1540 1226 1569 et
1242 1539 1374 1570 rationis
1385 1563 1393 1578 ‚
1412 1548 1507 1579 poena
1523 1541 1641 1572 vermis
1658 1552 1664 1572 :
1687 1544 1724 1574 ut
1739 1543 1783 1574 sic

1006 1598 1046 1620 ex
1069 1590 1128 1621 hac
1149 1591 1381 1632 multiplicitate
1405 1602 1575 1633 poenarum
1598 1595 1726 1634 afflicti,
1752 1598 1783 1628 et

1006 1643 1093 1674 varie
1105 1667 1112 1680 ‚
1135 1646 1167 1675 et
1183 1645 1311 1684 acerbe,
1332 1648 1364 1677 et
1378 1647 1570 1678 aeternaliter
1586 1649 1780 1688 crucientur,

1004 1699 1035 1728 et
1050 1698 1058 1714 ¹
1072 1699 1298 1731 tormentorum
1313 1699 1422 1738 fumus
1439 1701 1592 1734 ascendat
1611 1702 1649 1734 in
1663 1703 1782 1735 soecula

1005 1751 1203 1783 saeculorum.
1221 1752 1337 1784 Amen.

1272 1863 1415 1897 CAPUT
1439 1864 1512 1898 VII.

1034 1946 1071 1972 De
1089 1946 1303 1980 consequentibus
1322 1947 1359 1974 ad
1372 1948 1525 1983 judicium,
1544 1949 1646 1978 scilicet
1665 1951 1755 1986 gloria

1320 1992 1457 2027 paradisi.

1046 2071 1088 2101 De
1115 2072 1218 2111 gloria
1241 2075 1348 2104 autem
1371 2074 1489 2106 coelesti
1510 2076 1571 2107 hoc
1599 2076 1633 2108 in
1652 2086 1781 2109 summa

1006 2125 1179 2155 tenendum
1203 2128 1264 2164 est,
1287 2127 1372 2166 quod
1392 2127 1425 2158 in
1448 2128 1517 2168 ipsa
1538 2131 1585 2160 est
1607 2131 1780 2171 praemium

1006 2177 1222 2217 substantiale,
1238 2179 1514 2220 consubstantiale,
1530 2184 1561 2213 et
1575 2183 1777 2216 accidentale.

1815 963 1905 985 Deordi-

1802 995 1898 1016 nationis

1815 1025 1888 1047 multi-

1815 1057 1886 1078 mode

1798 1094 1872 1116 poenn.

1818 2142 1875 2163 Prae-

1811 2179 1882 2194 mium

1812 2204 1887 2225 beato-

1008 2229 1200 2268 Praemfflm,
1228 2232 1360 2272 inquam
1374 2257 1381 2271 ,
1410 2234 1616 2266 substantiale
1639 2237 1781 2269 consistit
1794 2241 1844 2256 ‘⁰¹¹²
1862 2237 1903 2256 Τί·

1007 2281 1039 2312 111
1054 2282 1186 2322 visione,
1203 2284 1363 2324 fruitione,
1381 2288 1412 2317 et
1431 2287 1569 2319 tentione
1584 2289 1680 2321 unius
1694 2300 1782 2322 sum·

1007 2335 1052 2365 mi
1066 2336 1161 2375 boni,
1177 2337 1293 2368 scilicet
1308 2338 1362 2369 Dei
1380 2350 1386 2370 :
1410 2349 1507 2380 quem
1522 2341 1606 2373 beati
1627 2344 1781 2376 videbunt

1006 2388 1084 2419 facie
1098 2389 1137 2420 ad
1160 2390 1294 2430 faciem,
1313 2392 1374 2423 hoc
1392 2396 1438 2424 est
1459 2395 1543 2426 nude
1565 2398 1596 2426 et
1617 2398 1684 2428 sine
1698 2399 1781 2430 vela-

1007 2443 1093 2474 mine
1106 2455 1113 2481 ;
1127 2445 1274 2476 fruentur
1286 2447 1378 2478 avide
1390 2450 1420 2478 et
1429 2448 1656 2483 delectabiliter
1663 2464 1670 2490 ;
1684 2462 1783 2493 quem

1007 2497 1102 2527 etiam
1123 2499 1278 2530 tenebunt
1292 2501 1560 2540 sempiternaliter
1577 2515 1582 2535 z
1605 2507 1642 2535 ut
1663 2505 1707 2536 sic
1722 2515 1777 2537 ve-

1007 2550 1148 2582 rificetur
1162 2552 1239 2583 illud
1253 2552 1405 2584 Bernardi
1418 2556 1439 2593 ²,
1456 2556 1542 2595 quod
1556 2556 1638 2588 Deus
1653 2558 1781 2590 futurus

1007 2606 1054 2634 est
1069 2604 1184 2635 rationi
1200 2606 1363 2645 plenitudo
1379 2607 1460 2638 lucis
1471 2632 1481 2647 ,
1499 2609 1656 2641 voluntati
1672 2612 1782 2642 multi-

1008 2656 1084 2687 tudo
1098 2658 1198 2696 pacis,
1215 2661 1246 2689 et
1261 2660 1425 2691 memoriae
1440 2663 1635 2694 continuatio
1653 2665 1782 2696 aeterni-

1044 2737 1151 2768 ¹Apoc„
1173 2744 1226 2769 xxv,
1251 2742 1288 2763 11.
1307 2752 1337 2757 -—
1360 2741 1366 2753 ²
1387 2741 1474 2772 116111,
1495 2750 1521 2765 ιιι
1543 2745 1625 2771 cunt„
1647 2751 1722 2768 seim.
1746 2751 1784 2776 xi,

1010 2774 1067 2801 post
1084 2773 1153 2797 med.

1793 2266 1852 2294 plex.
