2003 3037
122 843 192 864 Pleui-

103 874 156 896 tudo
177 881 210 895 sa-

111 906 199 933 pientiae

113 937 193 964 triplex

103 969 125 989 in
134 968 209 990 Chris-

139 1002 170 1021 tu.

107 1589 209 1616 Quinque

107 1621 167 1642 modi
176 1627 213 1642 co-

108 1659 215 1680 gnoscen-

126 1684 148 1704 di
167 1685 190 1704 in

109 1716 205 1737 Christo.

764 223 814 255 DE
836 219 1137 256 INGARNATIONE
1157 220 1289 254 VERBL

221 291 389 330 fontalem,
408 291 578 324 radicalem
601 292 632 323 et
649 290 843 330 originalem
857 291 1001 332 plenitu-

222 345 330 377 dinem
356 345 461 377 omnis
484 344 599 385 gratiae
624 344 658 376 in
681 342 805 376 Chrtsto
826 343 1002 376 habitantis

223 399 306 431 sicut
320 399 352 431 in
367 399 463 431 tonte.

471 507 650 542 CAPUT
687 508 754 543 VI.

251 592 290 619 De
305 590 478 626 plenitudine
496 590 640 625 sapientioe
659 589 764 618 Christi
783 591 813 618 in
832 589 977 618 intellectu.

267 669 308 701 De
331 668 530 710 plenitudine
554 677 632 700 vero
653 669 817 709 sapientiae
841 668 955 700 Christi
972 669 1004 701 in

225 724 405 762 intellectu,
417 723 479 754 hoc
489 723 666 755 tenendum
677 725 724 755 est
732 749 739 763 ‚
757 724 842 764 quod
858 724 891 755 in
901 723 1005 756 Verbo

225 779 389 810 incarnato
405 801 415 816 ,
433 776 557 809 Christo
582 777 701 809 scilicet
722 777 857 810 Domino
878 780 1004 817 nostro,

224 832 284 864 suit
298 832 404 863 omnis
424 831 589 872 sapientiae
611 831 777 872 plenitudo
787 855 796 871 ,
813 841 878 863 non
900 831 1006 863 solum

224 887 384 927 quantum
407 885 445 916 ad
473 885 618 926 cognita,
642 895 758 917 verum
782 885 879 917 etiam
901 887 1007 926 quoad

225 939 439 979 cognoscendi
455 940 569 970 modos
584 941 614 970 et
630 939 842 972 differentias.
860 940 896 971 In
913 940 1006 972 Chri-

225 994 274 1024 sto
296 1002 438 1034 namque
461 993 520 1024 fuit
546 993 690 1033 cognitio
714 993 952 1034 sempiternalis
967 1003 1008 1025 ex

224 1049 314 1087 parte
337 1047 482 1084 deitatis;
509 1047 652 1086 cognitio
674 1047 833 1078 sensibilis
855 1056 896 1078 ex
919 1048 1008 1088 parte

225 1101 436 1132 sensualitatis
457 1102 489 1131 et
515 1101 642 1139 carnis;
670 1101 814 1140 cognitio
837 1101 1008 1132 scientialis

224 1164 265 1185 ex
279 1156 367 1195 parte
382 1154 497 1185 mentis
512 1156 542 1186 et
557 1154 698 1195 spiritus.
715 1154 754 1186 Et
775 1155 844 1186 haec
866 1155 926 1186 fuit
948 1155 1006 1186 tri-

224 1208 313 1249 plex,
334 1209 483 1248 quaedam
508 1208 626 1239 scilicet
649 1217 706 1248 per
729 1210 899 1248 naturam,
918 1217 1007 1249 quae·

226 1262 299 1293 (lam
315 1271 371 1302 per
387 1253 541 1302 gratiam,
560 1264 591 1294 et
614 1263 764 1302 quaedam
784 1272 841 1303 per
857 1262 1006 1302 gloriam.

226 1314 316 1346 Unde
338 1316 527 1355 sapientiam
551 1316 681 1354 habuit,
701 1318 732 1347 et
753 1317 789 1347 ut
807 1316 908 1355 Deus,
928 1318 959 1348 et
974 1318 1009 1348 ut

227 1370 344 1408 homo,
363 1370 394 1400 et
408 1371 445 1400 nt
461 1369 726 1410 comprehensor,
743 1371 774 1401 et
790 1372 825 1401 ut
841 1370 963 1409 viator,
979 1372 1010 1403 et

227 1425 263 1454 ut
277 1423 476 1454 illuminatus
492 1432 549 1463 per
564 1423 704 1463 gratiam
719 1447 728 1462 ,
745 1425 776 1455 et
791 1425 828 1455 ut
842 1426 926 1455 recte
943 1425 1008 1456 for·

227 1479 333 1508 matus
347 1485 404 1516 per
418 1478 568 1507 naturam
586 1488 592 1507 :
610 1477 641 1507 et
656 1476 700 1507 ita
718 1477 752 1508 in
768 1477 921 1509 universo
937 1478 1010 1509 sue-

228 1532 306 1561 runt
319 1530 352 1560 in
368 1530 492 1561 Christo
509 1530 653 1571 quinque
670 1531 757 1562 modi
782 1533 1006 1572 cognoscendi.

229 1583 359 1614 Primus
378 1586 425 1615 est
439 1583 616 1615 secundum
631 1584 776 1616 divinam
791 1587 939 1617 naturam
954 1611 962 1625 ,
979 1588 1011 1618 ct

229 1637 289 1669 hoc
308 1638 402 1669 modo
425 1637 579 1677 cognovit
604 1638 714 1669 omnia
737 1639 886 1678 actualia,
905 1641 936 1670 et
951 1649 1010 1681 po-

229 1691 391 1730 tentialia,
407 1692 516 1730 finita,
537 1693 569 1722 et
592 1691 734 1731 infinita,
751 1693 934 1732 cognitione
957 1703 1008 1724 ac-

230 1744 311 1775 tuali
323 1769 331 1784 ,
349 1747 380 1776 et
399 1745 674 1786 comprehensiva.
696 1745 863 1778 Secundus
883 1750 931 1778 est
954 1756 1010 1788 per

232 1799 389 1839 gloriam,
408 1802 438 1831 et
453 1800 513 1831 hoc
533 1800 628 1831 modo
649 1802 803 1841 cognovit
826 1802 935 1833 omnia
956 1812 1010 1833 ac-

230 1853 330 1884 tualia
352 1855 384 1884 et
406 1854 497 1884 finita
503 1878 513 1893 ,
531 1854 719 1893 cognitione
741 1855 856 1886 actuali
877 1858 907 1887 et
922 1865 1009 1887 com-

231 1907 442 1947 prehensiva3
457 1907 584 1938 intinIta
598 1917 676 1939 vero
687 1932 695 1948 ,
713 1909 898 1948 cognitione
917 1910 1009 1941 hahi-

231 1960 309 1991 tuali
322 1961 372 1992 vel
387 1961 560 1993 excessiva.
577 1961 704 1992 Tertius
725 1971 783 2002 per
806 1964 963 2003 gratiam,
982 1966 1012 1995 et

232 2014 292 2045 hoc
309 2015 403 2046 modo
418 2015 571 2055 cognovit
586 2015 694 2046 omnia
708 2018 884 2056 spectantia
898 2018 937 2049 ad
952 2018 1011 2049 hu-

233 2068 319 2098 mani
345 2068 474 2108 generis
504 2068 770 2109 redemptionem.
797 2070 938 2108 Quartus
966 2074 1012 2103 est

232 2123 410 2153 secundum
437 2124 589 2154 naturam
615 2123 778 2163 integram
799 2149 807 2164 ,
830 2127 1011 2166 cujusmodi

232 2175 292 2205 fuit
308 2176 341 2206 in
355 2176 456 2206 Adam
467 2200 475 2213 ,
490 2178 521 2206 ct
536 2177 598 2207 hoc
612 2178 706 2208 modo
723 2180 876 2222 cognovit
890 2181 1009 2219 onmia,

233 2238 306 2269 quae
333 2231 475 2269 spectant
506 2230 546 2261 ad
570 2231 715 2262 universi
738 2233 1009 2266 constitutionem.

234 2282 370 2320 Quintus
386 2286 433 2314 est
451 2284 628 2315 secundum
643 2286 827 2316 sensibilem
842 2288 1010 2327 experien-

234 2336 312 2367 tiam
324 2361 333 2375 ,
350 2339 381 2367 et
394 2337 455 2368 hoc
470 2337 564 2368 modo
580 2339 734 2377 cognovit
750 2340 857 2371 onmia
872 2350 945 2380 quae
961 2350 1013 2372 ve-

234 2391 328 2421 niunt
343 2390 383 2421 ad
398 2400 520 2430 organa
535 2400 706 2430 sensuum,
723 2394 899 2425 secundum
915 2404 1012 2435 quem

234 2444 366 2475 modum
390 2445 504 2476 dicitur
529 2446 614 2485 quod
632 2448 640 2464 ¹
653 2446 775 2480 didicit
792 2456 834 2480 cz‘
857 2448 925 2486 Izc's,
942 2458 1013 2490 quse

233 2505 349 2536 passus
364 2501 427 2534 est,
446 2499 668 2532 obedienciam.

278 2552 367 2584 Ratio
382 2556 490 2584 autem
510 2554 549 2585 ad
574 2555 819 2593 intelligentiam
843 2556 1010 2595 praedicto-

237 2614 310 2636 rum
337 2606 406 2637 haec
431 2609 479 2639 est
495 2617 503 2638 :
520 2608 611 2648 quia,
629 2609 711 2639 sicut
730 2610 899 2649 reparativi
924 2611 1013 2650 prin-

236 2659 308 2700 cipii
334 2662 381 2690 est
407 2670 465 2692 nos
497 2670 646 2702 reparare
671 2672 728 2704 per
758 2663 1013 2696 liberalissimam

279 2722 282 2736 ¹
301 2721 385 2753 Helm,
404 2728 428 2752 v,
444 2724 468 2747 8.

358 2775 421 2798 rom
442 2776 499 2801 vu.

1775 224 1835 257 289

1057 289 1199 329 gratiam
1216 299 1224 328 ;
1249 289 1294 320 sic
1323 289 1419 321 etiam
1440 298 1498 331 per
1520 290 1835 332 providentissimam

1057 343 1260 384 sapientiam.
1277 342 1367 382 Quod
1383 343 1470 375 enim
1493 345 1672 377 secundum
1689 345 1836 379 ordinem

1058 397 1223 438 sapientiae
1238 397 1402 429 conditum
1420 397 1540 439 fuerat,
1557 408 1624 431 non
1641 401 1745 441 potest
1761 401 1835 433 ahs-

1058 462 1121 493 que
1144 451 1215 484 luce
1237 453 1268 483 et
1292 451 1405 484 ordine
1428 453 1592 493 sapientiae
1613 455 1780 496 reparari;
1806 457 1840 489 et

1058 507 1145 545 ideo,
1163 506 1245 538 sicut
1260 506 1403 538 Christus
1418 506 1528 539 debuit
1542 516 1612 540 esse
1626 508 1783 541 immunis
1797 510 1838 542 ab

1059 560 1148 592 omni
1172 560 1283 601 eulpa,
1307 560 1352 591 sic
1376 560 1547 601 elongatus
1570 561 1682 594 debuit
1704 571 1774 596 esse
1797 564 1839 596 ab

1059 613 1148 645 omni
1163 614 1361 654 ignorantia,
1379 624 1415 646 ac
1434 624 1491 656 per
1505 615 1566 648 hoc
1580 617 1721 650 totaliter
1734 617 1838 659 reple·

1059 669 1112 699 tus
1139 676 1289 708 supernae
1317 668 1483 709 sapientiae
1505 669 1577 702 luce
1598 672 1629 702 et
1654 671 1839 704 circumful-

1060 722 1181 762 gentia.
1203 723 1402 765 Quapropter
1427 725 1644 764 cognitionem
1668 726 1841 767 perfectam

1061 775 1174 808 habuit
1203 778 1382 810 secundum
1409 781 1580 820 utramque
1608 781 1782 822 naturam,
1810 783 1842 814 et

1062 831 1238 871 potentiam
1251 832 1503 872 cognoscitivam
1514 857 1522 872 ‚
1539 835 1570 865 et
1584 835 1762 868 secundum
1774 845 1843 868 om-

1062 884 1155 916 nium
1182 894 1293 916 rerum
1323 886 1538 919 existentiam.
1569 888 1650 927 Quia
1684 898 1763 930 ergo
1790 899 1842 923 res

1062 938 1181 970 habent
1200 948 1268 970 esse
1283 939 1317 971 in
1340 941 1460 972 aeterna
1481 943 1569 980 arte,
1594 944 1625 974 et
1648 943 1684 975 in
1698 944 1843 977 humana

1063 994 1184 1032 mente,
1206 995 1237 1024 et
1258 993 1291 1024 in
1315 995 1444 1035 proprio
1467 1005 1587 1036 genere
1605 1008 1612 1029 :
1630 1006 1759 1030 necesse
1781 999 1843 1031 fuit

1063 1046 1226 1079 Christum
1256 1047 1375 1080 habere
1402 1049 1485 1081 hanc
1515 1051 1695 1084 triformem
1729 1062 1843 1085 rerum

1063 1101 1295 1141 cognitionem.
1318 1101 1402 1140 Quia
1422 1113 1499 1136 vero
1522 1114 1574 1137 res
1595 1106 1763 1146 dupliciter
1786 1117 1843 1149 po-

1063 1156 1124 1186 test
1147 1156 1297 1195 cognosci
1322 1156 1356 1188 in
1380 1159 1470 1197 arte,
1496 1158 1614 1191 scilicet
1635 1160 1687 1192 vel
1709 1161 1750 1192 ab
1773 1161 1843 1202 ipso

1064 1209 1201 1249 artifice,
1217 1210 1269 1241 vel
1283 1210 1323 1241 ab
1338 1210 1401 1243 alio
1416 1213 1651 1254 contemplante
1664 1216 1788 1254 artem3
1805 1216 1844 1247 si-

1065 1263 1183 1294 militer
1197 1263 1293 1296 habet
1307 1264 1476 1305 dupliciter
1496 1268 1645 1307 cognosci
1665 1268 1698 1300 in
1713 1272 1821 1303 mente
1831 1294 1841 1310 ‚

1065 1316 1160 1348 etiam
1190 1320 1308 1358 praeter
1336 1320 1597 1361 acquisitionem,
1622 1331 1697 1363 quae
1720 1322 1845 1357 Christo

1065 1379 1130 1401 non
1145 1372 1296 1412 competit
1314 1375 1444 1414 propter
1466 1374 1741 1415 imperfectionem
1760 1388 1767 1410 :
1785 1378 1846 1410 sci-

1065 1423 1137 1455 licet
1162 1425 1209 1457 vel
1230 1427 1409 1459 secundum
1430 1428 1579 1461 habitum
1602 1430 1770 1472 innatum,
1795 1433 1847 1465 vel

1066 1479 1243 1511 secundum
1258 1480 1407 1514 habitum
1420 1483 1564 1516 infusum
1580 1495 1587 1517 :
1607 1485 1683 1518 hinc
1697 1488 1745 1518 est
1758 1487 1845 1528 quod

1065 1535 1283 1566 necessarium
1310 1536 1368 1567 fuit
1401 1537 1441 1568 ad
1473 1539 1644 1578 perfectam
1678 1541 1845 1581 sapientiae

1066 1586 1312 1628 plenitudinem,
1329 1590 1472 1631 quinque
1488 1592 1599 1624 modos
1612 1594 1780 1634 praedictos
1794 1605 1845 1627 re-

1066 1641 1162 1681 periri
1178 1641 1211 1672 in
1228 1642 1351 1674 Christo
1368 1643 1431 1676 Deo
1452 1647 1483 1676 et
1507 1646 1656 1686 homine,
1673 1650 1710 1680 ut
1729 1649 1764 1681 in
1779 1652 1846 1682 arte

1066 1697 1188 1727 aeterna
1215 1700 1421 1737 cognosceret
1449 1708 1521 1740 res,
1553 1702 1585 1732 et
1611 1711 1669 1742 per
1697 1705 1847 1736 naturam

1067 1749 1208 1789 deitatis,
1233 1754 1264 1782 et
1287 1761 1344 1792 per
1367 1752 1506 1793 gloriam
1530 1756 1844 1798 comprehensionis;

1066 1804 1100 1834 in
1115 1807 1221 1836 mente
1235 1807 1341 1837 autem
1360 1816 1419 1838 sua
1432 1816 1489 1848 per
1503 1808 1650 1841 habitum
1665 1812 1847 1844 naturalem

1067 1860 1097 1888 et
1118 1858 1285 1898 innatum,
1310 1860 1392 1891 sicut
1417 1865 1643 1902 cognoverunt
1667 1865 1792 1905 Adam,
1817 1869 1848 1898 et

1067 1911 1133 1942 Eva
1146 1936 1153 1949 ,
1169 1914 1198 1943 et
1215 1913 1353 1953 Angeli3
1370 1916 1400 1945 et
1415 1924 1472 1955 per
1495 1916 1644 1948 habitum
1665 1920 1847 1958 gratuitum

1067 1966 1098 1996 et
1120 1965 1283 2005 infusum,
1308 1967 1389 1999 sicut
1411 1971 1511 2000 sancti
1536 1970 1590 2002 Dei
1611 1981 1668 2012 per
1691 1973 1848 2014 Spiritum

1068 2022 1214 2051 sanctum
1228 2021 1399 2053 illuminati
1413 2035 1420 2061 ;
1438 2023 1471 2054 in
1487 2026 1617 2066 proprio
1633 2036 1711 2059 vero
1727 2037 1848 2069 genere

1068 2078 1275 2113 cognosceret
1302 2076 1355 2107 via
1384 2082 1516 2118 sensus,
1543 2082 1574 2111 et
1604 2083 1788 2123 memoriae,
1818 2086 1849 2116 et

1068 2129 1293 2168 experientiae,
1310 2140 1384 2171 qua}
1400 2132 1433 2162 in
1449 2133 1541 2165 nobis
1561 2135 1635 2167 facit
1650 2145 1719 2168 rem
1734 2137 1847 2179 incog-

1068 2182 1169 2213 nitam
1183 2185 1330 2222 cognosci
1343 2196 1351 2222 ;
1368 2185 1401 2216 in
1416 2186 1539 2219 Chr1sto
1555 2198 1633 2220 vero
1648 2199 1718 2222 rem
1734 2193 1848 2232 cogni-

1068 2236 1133 2265 tam
1162 2237 1338 2267 secundum
1367 2248 1469 2271 unum
1500 2243 1631 2274 modum
1653 2268 1663 2283 ,
1696 2248 1848 2286 cognosci

1068 2288 1139 2318 fecit
1172 2290 1348 2321 secundum
1382 2293 1483 2325 alium
1514 2296 1658 2329 modum.
1690 2298 1848 2337 Quoniam

1068 2343 1176 2372 autem
1192 2342 1302 2374 divina
1317 2345 1497 2379 substantia
1510 2373 1518 2387 ‚
1538 2350 1642 2382 virtus
1661 2355 1692 2384 et
1707 2355 1848 2395 operatio

1068 2397 1115 2426 est
1131 2396 1301 2435 immensa,
1319 2397 1394 2430 hinc
1416 2403 1463 2432 est
1478 2404 1564 2442 quod
1582 2407 1759 2439 secundum
1782 2411 1849 2450 pri-

1070 2458 1159 2480 mum
1176 2450 1328 2490 modum,
1346 2453 1403 2492 qui
1427 2457 1475 2486 est
1501 2465 1558 2496 per
1582 2462 1731 2492 naturam
1752 2463 1848 2495 deita-

1069 2502 1126 2541 tis,
1146 2503 1271 2535 infinita
1296 2507 1461 2539 actualiter
1482 2513 1724 2552 comprehendit
1743 2527 1750 2548 :
1766 2527 1846 2558 quo-

1069 2556 1143 2586 dam
1165 2557 1250 2588 enim
1275 2558 1427 2591 ineffabili
1451 2564 1546 2595 modo
1569 2575 1697 2600 summe
1723 2570 1848 2604 infinito

1070 2611 1174 2640 omnis
1186 2610 1327 2642 infinitas
1342 2615 1387 2644 est
1397 2616 1499 2648 finita.
1513 2618 1594 2655 Quia
1604 2630 1681 2653 vero
1692 2625 1847 2657 creaturae

1070 2666 1369 2707 quantumcumque
1392 2669 1572 2705 sublimatae
1595 2675 1685 2708 finita
1706 2680 1753 2709 est
1776 2680 1850 2711 sub-

1070 2719 1199 2757 stantia,
1217 2720 1320 2752 virtus
1335 2723 1365 2753 et
1386 2727 1548 2766 operatio,
1568 2728 1611 2761 ita
1633 2733 1742 2766 tamen
1763 2736 1850 2776 quod

1692 2791 1731 2821 19

1863 879 1909 902 ne·
1917 881 1955 902 ha-

1855 911 1910 934 bont
1924 914 1964 935 tri-

1883 946 1935 973 plez

1875 986 1932 1003 ente.
