2003 3037
33 924 133 946 Materia.

51 981 116 1002 Form
119 987 130 1001 a
134 996 138 1002 .

31 1087 138 1108 Minister.

52 1616 139 1642 Quibus

33 1649 54 1668 et
70 1653 140 1674 quau-

33 1683 60 1703 do
68 1682 141 1702 danda

71 1716 106 1735 est

33 1746 132 1766 extrema

35 1777 118 1797 unctio.

41 2373 141 2393 Efficacia

753 207 870 240 PART.
894 207 949 240 ΙΙΙ.
973 207 1080 240 SECT.
1104 207 1169 239 LII.

155 277 279 308 tantum
303 285 371 315 reS,
397 278 433 308 ut
457 276 574 318 peccati
602 275 748 307 remissio
772 276 930 316 perfecta;

154 330 239 362 aliud
248 355 256 369 ,
278 330 363 371 quod
386 333 433 362 est
447 339 498 362 res
512 332 543 361 et
557 329 700 369 signum,
717 330 753 360 ut
767 329 932 370 poenitudo

156 384 300 416 interior.
448 381 453 385 ”

416 450 565 485 SECTIO
591 451 660 484 LII.

368 527 406 554 De
427 527 552 554 Unctione
570 526 711 554 Eaetrema.

195 597 346 638 Sequitur
375 597 413 629 de
439 597 589 628 unctione
617 597 779 628 extrema¹
812 607 818 627 :
850 596 932 627 circa

154 660 251 692 quam
262 653 383 691 septem
397 650 535 682 breviter
548 653 622 681 sunt
637 650 786 689 videnda,
803 649 931 686 scilicet,

154 714 227 745 quae
243 704 391 742 materia,
408 713 482 744 quae
497 704 599 735 forma
609 728 618 742 ,
634 704 707 744 quis
722 704 930 743 dispensator,

154 758 226 799 quis
246 759 419 798 susceptor,
437 767 510 798 quae
528 758 678 795 efficacia,
704 765 778 797 quae
794 757 832 787 ad
855 766 930 788 con-

154 811 368 842 firmationem
381 811 570 848 differentia,
587 813 618 842 et
634 820 707 851 quae
722 810 931 850 significatio-

154 864 204 895 nis
217 864 453 895 convenientia.

194 917 324 949 Materia
339 917 439 958 hi1Jus
455 919 645 949 sacramenti
666 920 712 949 est
731 918 836 949 oleum
853 918 931 948 sim-

154 971 238 1011 plex,
255 971 310 1002 sed
329 973 548 1002 consecratum
572 972 611 1002 ab
634 972 794 1012 episcopo.
816 971 933 1002 Forma

155 1035 232 1058 vero
247 1028 293 1057 est
317 1026 436 1058 vocalis
451 1027 613 1066 expressio
630 1027 814 1057 orationum
830 1027 862 1057 in
883 1035 932 1057 or-

154 1080 286 1111 dinariis
295 1081 528 1111 contentarum.
546 1079 651 1119 Hujus
663 1079 855 1110 sacramenti
871 1079 932 1110 dis-

155 1134 296 1173 pensatio
317 1133 534 1165 sacerdotibus
549 1134 698 1174 competit
713 1144 754 1165 ex
769 1134 885 1172 officio,
902 1136 932 1165 et

155 1186 213 1216 hoc
223 1186 391 1216 confirmat
398 1186 580 1223 auctoritas,
593 1187 624 1216 et
636 1186 725 1216 ratio.
740 1186 931 1222 Auctoritas,

153 1239 275 1270 dicente
288 1239 405 1270 Jacobo
417 1240 427 1255 ²
444 1248 451 1269 ε
472 1239 548 1274 Quis
566 1239 781 1278 infirmatur?
795 1239 933 1271 inducat

151 1292 358 1332 presbyteros.
372 1292 463 1323 Ratio
478 1292 574 1323 etiam
585 1292 645 1323 hoc
659 1293 838 1329 confirmat,
858 1292 934 1332 quia

153 1355 228 1376 cum
252 1345 385 1376 materia
398 1345 498 1385 hujus
512 1346 701 1376 sacramenti
717 1346 756 1376 sit
771 1346 878 1376 oleum
893 1346 933 1376 ab

153 1399 299 1440 episcopo
310 1399 747 1436 consecratum,=consecratis
763 1399 855 1430 debet
869 1408 934 1429 ma-

153 1452 248 1483 nibus
268 1452 464 1482 contrectari.
489 1453 526 1482 Et
547 1452 608 1490 sic,
625 1461 700 1483 cum
716 1453 755 1483 sit
776 1452 933 1483 medicina

154 1505 411 1545 periclitantium,
430 1514 494 1536 non
516 1506 554 1536 ad
579 1505 661 1536 solos
680 1506 843 1545 episcopos
862 1515 932 1546 per-

154 1559 244 1590 tinet.
261 1558 375 1590 Oleum
388 1560 496 1589 autem
509 1561 728 1590 consecratum
743 1568 807 1590 non
824 1560 863 1590 ad
879 1560 933 1590 ali-

155 1621 231 1652 quos
244 1612 340 1643 laicos
355 1621 387 1642 se
409 1612 560 1642 extendit.
587 1612 706 1642 Debent
728 1615 835 1643 autem
855 1613 933 1644 illud

155 1667 390 1697 sacramentum
414 1666 572 1705 suscipere
591 1665 647 1696 soli
669 1666 790 1696 infirmi
811 1666 934 1697 ratione

156 1721 294 1756 utentes,
311 1719 386 1759 quia
408 1719 524 1749 scilicet
544 1721 719 1758 potuerunt
735 1728 862 1759 peccare
878 1729 932 1750 ve-

157 1773 292 1811 nialiter,
318 1773 368 1803 vel
385 1773 479 1803 etiam
503 1774 731 1812 peccaverunt,
755 1775 786 1803 et
813 1773 874 1804 hoc
900 1773 935 1804 in

159 1826 269 1856 mortis
284 1826 418 1857 articulo
428 1827 610 1857 existentes.
626 1826 664 1857 Et
678 1826 723 1856 sic
735 1829 831 1866 patet,
849 1827 934 1867 quod

158 1888 217 1910 nec
241 1879 425 1917 infantibus,
442 1888 500 1910 nec
519 1880 706 1910 naturaliter
723 1880 829 1910 stultis
844 1880 935 1911 debet

157 1935 301 1964 extrema
322 1933 430 1963 unctio
452 1933 643 1972 dispensari,
660 1942 718 1963 nec
744 1933 936 1964 intrantibus

155 1987 279 2026 justum
304 1986 438 2025 bellum,
469 1988 544 2026 quia
566 1989 765 2018 sacramenta
790 1987 936 2018 Ecclesiae

158 2049 221 2070 non
236 2042 416 2080 sequuntur
431 2040 605 2078 fortunam,
623 2041 677 2071 sed
691 2041 866 2081 respiciunt
881 2050 937 2071 na-

159 2097 279 2129 turam;
296 2103 355 2124 nec
377 2094 473 2124 etiam
494 2103 550 2133 per
571 2094 760 2125 sententiam
784 2095 936 2125 condem-

158 2148 250 2185 natis,
267 2147 344 2186 quia
366 2146 462 2183 tales,
480 2147 756 2186 qualitercumque
777 2148 917 2178 damnati
929 2172 936 2185 ‚

159 2202 189 2231 in
210 2201 355 2232 Ecclesiae
378 2201 456 2231 facie
475 2203 549 2231 sunt
568 2201 720 2239 infames3
738 2211 795 2232 nec
817 2202 936 2233 medio-

159 2255 252 2285 criter
266 2254 516 2292 infirmantibus,
534 2254 609 2293 quia
624 2254 729 2285 adhuc
743 2258 876 2294 possunt
887 2265 939 2287 ve-

159 2308 255 2339 nialia
269 2308 395 2338 iterare.

201 2361 254 2392 Est
275 2363 383 2392 autem
405 2361 589 2401 hujusmodi
613 2365 849 2394 sacramentum
871 2366 936 2394 tam

161 2415 306 2453 finaliter,
324 2425 423 2455 quam
436 2416 602 2446 efficaciter
617 2418 726 2446 contra
736 2417 874 2448 venialia
889 2427 938 2448 or-

161 2469 315 2507 dinatum,
328 2471 357 2499 et
365 2471 521 2508 quantum
535 2469 573 2499 ad
585 2470 805 2501 remissionem
821 2471 935 2511 culpae,

161 2523 191 2552 et
212 2524 369 2561 quantum
395 2522 433 2552 ad
459 2522 674 2552 dimissionem
698 2524 797 2561 partis
820 2533 934 2562 poenae.

196 2603 200 2615 ¹
228 2602 285 2625 vid.
311 2608 389 2632 supin,
415 2601 521 2630 Brenn„
548 2609 572 2632 p.
600 2602 656 2632 vll,
683 2609 704 2626 c.
729 2609 766 2627 xi.
789 2616 819 2620 —

162 2644 188 2667 v,
206 2638 243 2661 14.

846 2604 853 2617 ²
873 2604 935 2633 dne,

1709 211 1768 240 425

989 274 1077 307 Valet
1095 275 1191 306 etiam
1209 277 1439 316 consequenter
1458 275 1497 307 ad
1516 275 1768 316 recuperandam

989 328 1131 369 corporis
1151 329 1335 366 sanitatem,
1360 329 1387 359 si
1410 329 1557 369 expediat
1580 330 1767 361 infirmanti.

990 381 1027 413 Et
1050 382 1127 422 quia
1152 381 1288 413 venialia
1309 381 1477 413 efficaciter
1502 384 1578 414 tunc
1600 385 1765 422 curantur,

988 435 1116 475 quando
1131 435 1176 466 sic
1189 434 1348 473 delentur,
1364 435 1449 475 quod
1471 444 1536 466 non
1549 436 1688 476 amplius
1711 437 1769 467 ite-

989 490 1116 526 rantur;
1134 490 1210 520 tunc
1233 488 1325 520 debet
1347 488 1491 519 adhiberi
1513 488 1573 520 ista
1589 489 1747 521 medicina
1759 515 1767 529 ,

989 543 1116 582 quando
1141 543 1328 582 desperatur
1352 542 1391 573 de
1418 542 1612 573 infirmantis
1635 543 1711 574 vita.
1736 544 1768 575 Si

988 599 1096 628 tamen
1112 598 1279 636 contingat
1300 606 1375 628 eum
1399 597 1523 628 restitui
1543 597 1692 636 sanitati,
1711 607 1767 638 po-

989 653 1048 682 test
1063 653 1094 682 et
1107 651 1210 689 debet,
1229 653 1357 690 propter
1373 650 1509 681 venialia
1527 651 1650 689 iterata,
1668 651 1769 682 medi-

989 705 1059 736 cina
1075 705 1250 736 venialium
1263 705 1381 735 iterari.
1400 704 1437 735 Et
1452 705 1529 744 quia
1545 705 1683 736 venialia
1698 714 1767 745 pec-

988 760 1058 789 cata
1084 768 1140 798 per
1162 767 1285 796 organa
1306 766 1461 788 sensuum
1479 758 1620 789 maxime
1642 761 1767 789 contra-

989 812 1121 849 huntur,
1133 812 1204 842 isleo
1214 813 1319 851 partes
1327 811 1430 842 tribus
1441 811 1587 851 potentiis
1597 812 1770 843 servientes

988 865 1206 904 inunguntur.
1218 864 1273 895 Est
1287 864 1371 895 enim
1383 864 1500 903 triplex
1509 865 1648 904 potentia
1657 874 1767 896 secun-

988 919 1065 949 dum
1074 928 1174 959 quam
1188 919 1298 949 anima
1313 919 1397 958 regit
1406 928 1531 958 corpus,
1544 921 1575 950 et
1589 919 1684 950 etiam
1696 929 1767 950 con-

989 971 1087 1002 trahit
1100 974 1228 1011 J'ustum
1240 972 1401 1009 morbum,
1414 972 1529 1003 scilicet
1539 972 1699 1010 sensitiva,
1713 982 1766 1012 ge-

989 1025 1134 1056 nerativa
1144 1028 1175 1056 et
1185 1026 1399 1066 progressiva.
1407 1025 1574 1056 Sensitivae
1582 1026 1767 1057 deserviunt

988 1088 1033 1115 os,
1044 1078 1137 1116 oculi,
1148 1087 1252 1116 nares,
1263 1088 1369 1117 aures,
1381 1081 1413 1110 et
1419 1088 1533 1110 manus
1541 1090 1548 1117 ;
1557 1080 1764 1118 generativae,

989 1131 1091 1162 lumbi
1098 1140 1107 1170 3
1133 1132 1363 1171 progressivae,
1390 1132 1495 1171 pedes.
1526 1131 1564 1162 Et
1591 1132 1767 1164 secundum

989 1185 1049 1216 hoc
1064 1188 1111 1216 est
1126 1185 1273 1216 infirmus
1285 1186 1318 1216 in
1333 1187 1454 1226 septem
1471 1185 1612 1225 corporis
1624 1186 1768 1225 partibus

989 1239 1210 1278 inungendus,
1228 1239 1345 1270 scilicet
1367 1239 1400 1269 in
1424 1239 1531 1275 labiis,
1554 1239 1587 1269 in
1602 1238 1718 1275 oculis,
1733 1239 1768 1269 in

989 1293 1147 1331 manibus,
1165 1293 1198 1323 in
1213 1293 1356 1328 auribus.
1374 1293 1408 1323 in
1423 1293 1555 1323 naribus
1566 1317 1573 1330 ,
1590 1293 1621 1322 in
1637 1292 1767 1329 lumbis,

989 1346 1022 1376 in
1038 1346 1182 1385 pedibus.

1030 1399 1077 1430 Ex
1094 1400 1252 1440 praedictis
1267 1399 1439 1440 colligitur,
1455 1400 1541 1440 quod
1556 1399 1638 1430 inter
1653 1399 1713 1430 hoc
1724 1408 1770 1430 sa-

990 1456 1201 1490 cramentum,
1214 1456 1244 1484 et
1254 1456 1491 1484 sacramentum
1505 1452 1768 1490 confirmationis,

990 1509 1037 1537 est
1051 1507 1230 1538 differentia
1245 1507 1437 1546 septiformis
1456 1518 1462 1537 z
1481 1507 1598 1537 scilicet
1613 1507 1646 1536 in
1664 1506 1769 1537 effica-

989 1561 1053 1598 cia,
1076 1561 1110 1590 in
1127 1560 1269 1598 materia,
1286 1561 1318 1590 in
1335 1561 1447 1598 forma,
1465 1561 1497 1590 in
1514 1560 1718 1600 suscipiente,
1737 1559 1770 1589 in

989 1615 1098 1652 dante,
1126 1615 1157 1644 in
1181 1614 1264 1652 loco,
1284 1616 1315 1644 ct
1338 1614 1371 1644 in
1386 1616 1539 1654 tempore.
1559 1614 1639 1645 Nota
1663 1617 1771 1644 tamen

989 1668 1074 1708 quod
1099 1668 1209 1698 unctio
1230 1677 1302 1707 quae
1326 1668 1361 1698 fit
1385 1668 1419 1698 in
1443 1668 1632 1706 chrismate,
1654 1668 1771 1699 dicitur

990 1722 1099 1752 unctio
1115 1722 1298 1761 principalis
1313 1721 1512 1762 quadruplici
1528 1722 1667 1752 ratione:
1685 1721 1770 1751 scili-

990 1777 1038 1806 cet
1054 1775 1178 1805 ratione
1202 1775 1281 1811 loci,
1298 1775 1376 1815 quia
1398 1776 1434 1805 fit
1454 1775 1486 1805 in
1506 1776 1608 1806 fronte
1624 1786 1630 1813 3
1648 1775 1771 1805 ratione

991 1829 1140 1866 ministri,
1153 1829 1229 1868 quia
1244 1829 1282 1859 ab
1294 1829 1458 1868 episcopm
1475 1829 1598 1859 ratione
1608 1828 1769 1866 elementi,

991 1882 1067 1921 quia
1089 1882 1126 1912 de
1148 1882 1218 1912 oleo
1241 1882 1341 1912 mixto
1369 1891 1443 1912 cum
1468 1882 1625 1919 balsam03
1650 1882 1772 1912 ratione

992 1935 1140 1973 effectus,
1157 1937 1285 1975 propter
1301 1935 1531 1966 abundantIam
1549 1935 1679 1974 gratiae,
1697 1935 1772 1974 quia

992 1988 1035 2018 ibi
1055 1989 1148 2019 datur
1168 1988 1343 2019 Paraclitus
1368 1990 1402 2018 in
1417 1998 1538 2027 magna
1561 1988 1770 2019 abundantia.

991 2041 1087 2072 Juxta
1102 2042 1185 2081 quod
1202 2044 1292 2080 nota,
1310 2042 1395 2081 quod
1410 2042 1579 2072 chrismate
1602 2042 1772 2080 inungun-

992 2098 1045 2126 tur
1055 2096 1203 2136 baptizati
1213 2097 1245 2126 in
1255 2097 1382 2133 vertice,
1392 2096 1601 2127 confirmandi
1612 2096 1644 2126 in
1656 2096 1770 2132 fronte,

992 2150 1158 2189 pontifices
1173 2150 1204 2180 in
1221 2150 1333 2190 capite,
1347 2159 1452 2189 reges,
1471 2153 1506 2180 ut
1517 2150 1645 2187 dicitur,
1661 2150 1692 2178 in
1707 2158 1772 2178 sca-

993 2204 1088 2242 pulis.

1035 2257 1069 2287 In
1085 2260 1283 2288 sacramento
1303 2260 1455 2288 extremae
1472 2257 1641 2294 unctionis,
1659 2266 1770 2287 secun-

993 2311 1071 2341 dum
1092 2311 1290 2350 exigentiam
1312 2311 1549 2342 sacramentalis
1563 2310 1772 2349 significatio-

993 2364 1052 2401 nis,
1069 2366 1115 2394 est
1130 2364 1250 2404 aliquid
1270 2364 1355 2404 quod
1369 2366 1416 2394 est
1438 2366 1561 2393 tantum
1578 2364 1721 2402 signum,
1738 2366 1773 2393 ut

993 2418 1132 2448 exterior
1142 2418 1250 2448 unctio
1261 2428 1267 2456 3
1279 2418 1365 2448 aliud
1378 2417 1461 2457 quod
1472 2421 1517 2447 est
1528 2419 1652 2447 tantum
1662 2426 1723 2454 reS,
1738 2419 1773 2447 ut

993 2470 1125 2501 venialis
1140 2471 1242 2500 morbi
1258 2471 1397 2507 curati03
1415 2470 1502 2500 aliud
1519 2470 1603 2509 quod
1620 2473 1665 2500 est
1682 2479 1731 2499 res
1743 2472 1773 2499 et

993 2524 1135 2563 signum,
1145 2527 1180 2554 ut
1190 2525 1259 2564 ipsa
1270 2524 1446 2554 devotionis
1455 2523 1602 2553 excitatio
1611 2523 1642 2552 in
1652 2523 1770 2559 anima,

993 2585 1066 2616 quae
1080 2586 1145 2607 non
1169 2580 1215 2607 est
1230 2577 1332 2614 aliud,
1354 2577 1415 2607 nisi
1431 2576 1578 2617 quaedam
1599 2576 1771 2615 spiritualis

995 2630 1112 2661 unctio.

1822 1405 1891 1425 Ditl'e-

1804 1435 1875 1455 tentia

1786 1466 1852 1492 hujus
1860 1471 1892 1485 sa-

1791 1502 1889 1517 cremen-

1814 1528 1838 1550 ti.
1845 1529 1866 1547 ct

1802 1560 1879 1578 confir-

1787 1589 1890 1610 mamonis

1822 2267 1894 2293 Signi-

1789 2298 1869 2318 ficatio.
