2003 3037
84 2442 166 2462 Doctri-

60 2470 89 2494 na
106 2471 166 2494 'vere

61 2501 167 2521 catholiea

72 2533 98 2553 de
110 2534 154 2553 Eu-

62 2558 168 2584 charistia

669 213 721 245 DE
742 211 934 246 MEDICINA
953 213 1272 246 SACRAMENTALI.

168 283 245 315 riori
260 282 486 315 commiscetur
495 281 602 313 oleum
617 280 789 321 olivarum,
802 282 888 323 quod
903 284 950 314 est

169 337 320 375 nitidum,
331 337 363 368 et
371 335 561 374 balsamum,
573 334 660 375 quod
673 336 719 366 est
731 335 947 368 odoriferum:

170 393 206 423 ut
227 400 284 432 per
307 391 368 422 hoc
391 389 603 430 significetur,
631 389 719 430 quod
743 390 895 424 confessio
909 390 950 422 ad

170 454 269 486 quarn
282 445 344 476 hoc
357 443 593 475 sacramentum
608 442 737 475 ordinat
750 445 781 475 et
793 443 948 484 disponit,

170 499 378 540 conjunctum
392 497 484 529 debet
495 496 615 528 habere
628 497 768 529 nitorem
782 498 949 530 conscien-

171 553 224 584 tiae
248 555 280 584 et
299 550 537 590 intelligentiae,
562 559 636 582 cum
658 551 752 583 suavi
767 551 864 583 odore
884 553 950 583 tam

171 606 258 645 vitae,
274 613 371 646 quam
386 605 492 643 samae,
511 613 551 636 ne
566 604 773 636 contrarietas
787 605 896 646 aliqua
912 607 951 637 sit

170 659 252 691 inter
265 658 412 699 linguam
427 659 458 689 et
472 657 711 697 conscientiam,
727 659 780 690 vel
794 659 879 690 inter
894 659 952 690 lin-

171 722 272 752 guam
287 714 318 744 et
332 712 462 750 famam,
485 713 615 752 propter
630 721 729 752 quam
744 713 815 744 talis
829 713 952 744 confes-

170 766 217 798 sio
233 775 300 798 non
314 766 494 806 acceptetur
518 765 557 796 ab
578 765 728 802 homine,
756 775 814 797 nec
836 775 952 807 appro-

169 820 264 851 betur
285 829 304 851 a
329 819 462 850 Christo.
494 818 675 858 Postremo,
701 819 855 859 quoniam
881 820 952 851 talis

170 873 324 905 confessio
350 873 443 904 debet
461 881 529 904 esse
550 872 723 912 intrepida,
747 875 785 904 ut
807 882 866 904 nec
888 883 951 914 pu-

170 926 258 965 dore,
274 935 332 957 nec
352 926 465 957 timore
475 949 483 964 ,
509 925 648 957 dimittat
663 926 735 966 quis
749 927 854 958 dicere
866 927 951 959 veri·

171 980 285 1017 tatem;
304 981 335 1010 et
349 981 491 1019 tempore
504 979 736 1019 persecutionis
754 979 950 1020 ignominio-

171 1041 239 1063 sam
263 1035 401 1063 mortem
423 1031 540 1063 Christi
563 1032 596 1062 in
615 1041 708 1063 cruce
727 1033 871 1064 confiteri
890 1043 953 1074 pu·-

171 1085 251 1117 blice
265 1085 416 1117 formidat
438 1085 510 1126 quis
521 1109 529 1124 ,
547 1087 578 1116 et
593 1085 750 1117 erubescit
757 1110 766 1125 ,
794 1087 953 1127 praecipue

171 1138 305 1170 horrens
329 1139 469 1170 incidere
494 1139 528 1170 in
551 1140 751 1171 consimilem
770 1150 899 1181 poenam
923 1143 953 1172 et

171 1193 386 1232 ignominiam
402 1193 573 1233 passionis;
592 1195 623 1224 et
645 1194 832 1233 hujusmodi
856 1195 953 1226 timor

173 1248 204 1277 et
218 1247 321 1287 pudor
336 1246 499 1286 potissime
510 1250 641 1287 apparet
655 1247 689 1277 in
703 1247 792 1286 facie,
808 1250 839 1278 et
854 1249 954 1279 maxi-

173 1300 271 1330 mein
292 1300 394 1331 fronte
412 1309 419 1328 z
437 1300 506 1331 ideo
521 1300 561 1331 ad
576 1309 706 1331 omnem
724 1302 953 1333 verecundiam

173 1355 204 1384 et
219 1353 423 1384 formidinem
439 1354 706 1394 propulsandam,
723 1356 754 1385 et
767 1364 883 1387 manus
895 1365 951 1397 po-

173 1406 319 1437 testativa
333 1406 521 1450 imponitur,
538 1416 611 1447 quae
627 1409 808 1447 confirmet,
824 1412 856 1440 et
873 1418 954 1441 crux

174 1461 270 1492 fronti
284 1461 492 1501 imprimitur,
505 1464 542 1492 ut
556 1470 621 1493 non
633 1463 799 1494 erubescat
813 1473 884 1494 eam
898 1473 954 1504 pu-

174 1514 253 1546 blice
268 1515 424 1553 confiteri,
450 1524 508 1546 nec
522 1515 670 1546 formidet
685 1525 743 1556 pro
757 1516 954 1549 confessione

173 1568 313 1599 nominis
335 1567 469 1607 Christi,
493 1569 520 1599 si
541 1578 624 1608 opus
645 1569 758 1608 fuerit,
782 1572 955 1610 quantam-

175 1630 315 1662 cumque
336 1631 465 1661 poenam
480 1622 531 1654 vel
546 1622 760 1661 ignominiam
775 1625 932 1656 sustinere
944 1650 952 1664 ,

174 1676 329 1715 tanquam
343 1684 440 1707 verus
454 1675 549 1715 pugil
560 1678 677 1707 unctus
691 1677 730 1708 ad
745 1678 907 1717 praelium,
924 1681 954 1709 et

175 1730 328 1769 tanquam
344 1731 495 1760 strenuus
508 1730 599 1760 miles
618 1730 720 1761 ferens
739 1731 772 1762 in
787 1731 889 1763 fronte
903 1741 953 1763 re-

176 1783 227 1821 gis
251 1782 301 1813 sui
319 1783 463 1822 signum,
489 1784 521 1814 et
543 1783 646 1814 crucis
666 1785 735 1823 ejus
758 1785 954 1825 triumphale

176 1836 349 1876 vexillum,
375 1846 449 1868 cum
475 1846 540 1877 quo
568 1839 698 1877 paratus
723 1838 763 1869 sit
787 1841 954 1878 penetrare

177 1891 316 1921 hostium
345 1899 463 1921 cuneos
485 1899 628 1921 securus.
651 1890 721 1922 Non
745 1892 830 1923 enim
854 1894 954 1932 potest

176 1944 279 1974 crucis
313 1944 416 1983 gloria
449 1944 547 1975 libere
575 1945 763 1984 praedicari,
793 1947 820 1976 si
850 1947 954 1978 crucis

178 2006 271 2037 poena
290 1999 321 2029 et
346 1998 524 2036 ignominia
540 1998 727 2029 formidetur
734 2010 742 2037 3
761 2000 856 2038 ,iuxta
870 2001 952 2040 quod

177 2051 304 2081 sanctus
325 2049 448 2081 dicebat
471 2050 635 2082 Andreas:
658 2063 672 2080 (ι
696 2051 765 2092 Ego
784 2053 812 2083 si
827 2062 955 2085 crucem

177 2112 433 2142 expavescerem,
451 2103 589 2143 gloriam
605 2105 708 2136 crucis
725 2106 858 2138 minime
870 2116 953 2147 prae-

178 2155 326 2187 dicarem.
343 2167 358 2185 »

451 2252 592 2286 CAPUT
621 2253 680 2286 IX.

361 2341 394 2368 De
413 2343 569 2376 integritate
588 2342 776 2370 Eucharistiae.

220 2425 262 2457 De
277 2428 476 2458 sacramento
487 2426 697 2459 Eucharistiae
709 2428 769 2460 hoc
785 2430 958 2460 tenendum

182 2481 238 2517 est,
254 2480 339 2519 quod
363 2481 398 2511 in
421 2481 481 2512 hoc
498 2484 696 2513 sacramento
713 2491 826 2514 verum
845 2482 958 2514 Christi

183 2541 298 2572 corpus
313 2536 343 2564 et
357 2543 454 2566 verus
470 2535 605 2574 sanguis
618 2545 684 2567 non
700 2538 824 2567 tantum
840 2537 961 2576 signifi-

184 2587 284 2624 catur,
297 2595 412 2618 verum
425 2588 521 2619 etiam
535 2589 690 2621 veraciter
704 2590 885 2621 continetur
899 2591 960 2622 sub

184 2639 300 2678 duplici
323 2642 442 2680 specie,
471 2642 562 2682 panis
583 2643 701 2674 scilicet
725 2646 755 2674 et
779 2644 863 2683 vini,
888 2647 959 2676 tau·

184 2702 282 2732 quam
304 2693 363 2724 suh
385 2702 469 2734 uno,
494 2697 525 2726 et
547 2705 611 2728 non
635 2697 694 2729 sub
716 2697 833 2738 duplici
854 2708 957 2730 sacra-

325 2756 400 2779 TOM.
425 2757 479 2780 vu.

1723 219 1779 249 321

1005 283 1134 314 mento:
1153 281 1215 314 hoc
1228 284 1337 314 autem
1355 284 1402 314 est
1421 285 1493 324 post
1514 284 1783 316 consecrationem

978 368 980 370 ,
1004 335 1246 375 sacerdotalem,
1268 345 1342 376 quae
1365 336 1400 368 fit
1418 337 1453 368 in
1466 337 1644 378 prolatione
1663 338 1784 371 vocalis

1005 389 1117 420 formae
1137 398 1156 420 a
1180 389 1314 420 Domino
1344 390 1497 423 institutae
1528 401 1624 433 super
1647 401 1782 433 panem,

1005 442 1141 474 scilicet:
1157 442 1223 475 Hoc
1236 445 1282 476 est
1293 451 1407 484 corpus
1423 453 1525 477 meum
1532 455 1545 486 ;
1559 454 1656 486 super
1668 446 1785 478 vinum

1006 505 1083 528 vero
1100 507 1107 527 :
1125 497 1187 530 Hic
1202 500 1250 530 est
1264 497 1354 530 calioe
1371 499 1545 540 sanguinis
1564 500 1626 532 mei
1640 509 1651 531 :
1666 500 1786 541 quibus

1005 550 1112 581 verbis
1122 559 1196 582 cum
1206 551 1382 584 intentione
1397 553 1609 585 conficiendi'a
1624 555 1786 587 sacerdote

1006 603 1153 643 prolatis,
1177 605 1501 638 transsubstantiatur
1524 609 1700 649 utrumque
1720 607 1784 641 ele·-

1007 659 1153 689 mentum
1178 659 1356 691 secundum
1380 661 1592 693 substantiam
1613 663 1647 693 in
1670 671 1786 703 corpus

1007 714 1038 742 et
1065 711 1258 751 sanguinem
1284 713 1360 744 ,lesu
1382 713 1516 753 Christi,
1546 716 1788 748 remanentibus

1007 766 1171 806 speciebus
1193 766 1408 806 sensibilibus,
1433 768 1468 799 in
1492 778 1631 809 quarum
1650 771 1788 811 utraque

1008 819 1187 850 continetur
1197 820 1346 860 totaliter,
1357 830 1423 852 non
1434 821 1786 863 circumscriptibiliter‚

1007 881 1066 904 nec
1077 872 1230 913 localiter,
1246 874 1302 905 sed
1316 876 1588 908 sacramentaliter
1602 878 1688 908 totus
1703 877 1789 909 Chri-

1008 928 1086 958 stus.
1115 926 1150 958 In
1175 928 1293 968 quibus
1316 929 1412 960 etiam
1435 930 1626 970 proponitur
1647 930 1738 962 nobis
1752 934 1789 963 ut

1008 981 1114 1020 cibus,
1137 991 1232 1022 quem
1256 983 1312 1023 qui
1330 983 1429 1023 digne
1450 984 1580 1024 accipit,
1603 994 1670 1016 non
1683 985 1789 1017 solum

1008 1035 1290 1074 sacramentaliter,
1315 1045 1432 1068 verum
1454 1038 1551 1069 etiam
1571 1048 1629 1079 per
1646 1039 1744 1071 fidem
1758 1042 1790 1072 et

1008 1088 1196 1120 charitatem
1206 1089 1412 1129 spiritualiter
1421 1092 1653 1139 manducando,
1665 1094 1791 1134 corpori

1009 1141 1122 1173 Christi
1150 1143 1284 1183 mystico
1307 1143 1415 1183 magis
1436 1144 1672 1185 incorporatur,
1695 1149 1727 1178 et
1755 1147 1790 1178 in

1009 1196 1112 1236 seipso
1135 1197 1277 1228 reficitur
1296 1199 1327 1228 et
1347 1200 1524 1238 purgatum
1541 1199 1598 1240 qui
1621 1201 1719 1232 vero¹
1737 1200 1788 1232 in-

1009 1249 1109 1289 digne
1133 1250 1266 1288 accedit,
1287 1251 1456 1290 judicium
1479 1252 1544 1285 sz'bz'
1565 1253 1742 1287 manducat
1760 1259 1789 1288 et

1011 1303 1103 1342 bz'bz'c,
1124 1311 1189 1336 ηοη
1204 1304 1395 1344 dijudicans
1419 1307 1656 1339 sanctissimum
1675 1316 1789 1349 corpus

1011 1357 1137 1389 Christi.

1051 1411 1141 1443 Ratio
1162 1415 1270 1443 autem
1296 1413 1334 1444 ad
1353 1413 1600 1454 intelligentiam
1621 1416 1787 1456 praedicto-

1010 1474 1084 1497 rum
1099 1466 1169 1497 haec
1183 1468 1229 1497 est
1247 1477 1254 1498 ε
1271 1467 1348 1507 quia
1363 1468 1557 1509 principium
1583 1471 1730 1502 nostrum
1743 1480 1790 1503 re-

1010 1519 1209 1558 parativum,
1227 1519 1368 1551 Verbum
1383 1521 1501 1553 scilicet
1522 1523 1742 1564 incarnatum,
1759 1527 1791 1556 et

1010 1573 1315 1605 sufficientissimum
1337 1577 1383 1606 est
1398 1575 1432 1606 in
1456 1576 1591 1616 virtute,
1613 1580 1644 1609 et
1663 1578 1790 1619 sapien-

1010 1626 1170 1658 tissimum
1186 1630 1233 1659 est
1257 1628 1291 1659 in
1314 1637 1410 1660 sensu
1427 1639 1434 1661 ε
1451 1630 1522 1662 ideo
1536 1631 1582 1662 sic
1601 1631 1693 1663 nobis
1714 1642 1791 1664 con—

1011 1681 1085 1712 tulit
1100 1684 1312 1721 sacramenta,
1327 1683 1505 1715 secundum
1519 1685 1606 1725 quod
1621 1686 1726 1726 exigit
1739 1695 1790 1718 sa-

1011 1735 1130 1774 pientia
1137 1737 1167 1766 et
1178 1735 1345 1767 efficientia
1359 1746 1428 1768 sua.
1446 1737 1485 1768 Et
1499 1739 1577 1779 quia
1588 1739 1792 1772 sufficientis-

1010 1788 1129 1819 simum
1161 1791 1207 1819 est
1219 1813 1227 1826 ‚
1258 1789 1328 1820 ideo
1359 1789 1527 1830 largiendo
1559 1793 1791 1826 medicamenta

1011 1842 1199 1873 morborum
1222 1844 1253 1872 et
1279 1842 1471 1875 charismata
1496 1846 1695 1885 gratiarum,
1721 1857 1788 1879 non

1010 1898 1135 1927 tantum
1155 1895 1291 1926 instituit
1311 1900 1547 1929 sacramentum
1569 1900 1654 1939 quod
1675 1910 1734 1932 nos
1754 1901 1789 1932 in

1011 1958 1078 1980 esse
1092 1949 1206 1988 gratiae
1221 1952 1407 1989 generaret,
1424 1953 1460 1982 ut
1475 1952 1670 1992 baptismus,
1686 1956 1717 1985 et
1730 1963 1789 1995 ge-

1011 2002 1095 2033 nitos
1118 2004 1341 2042 augmentaret
1362 2006 1393 2035 et
1413 2005 1600 2045 roboraret,
1623 2008 1657 2038 ut
1671 2008 1788 2039 confir-

1013 2056 1126 2094 matio;
1144 2065 1260 2088 verum
1283 2058 1380 2088 etiam
1399 2059 1484 2098 quod
1507 2060 1633 2099 genitos
1657 2063 1688 2092 et
1711 2070 1792 2101 aug-

1013 2112 1169 2141 mentatos
1182 2111 1347 2150 enutriret,
1367 2114 1402 2143 ut
1417 2116 1654 2145 sacramentum
1669 2114 1792 2147 Eucha-

1012 2164 1111 2195 ristiae
1130 2175 1136 2195 :
1158 2167 1287 2205 propter
1311 2166 1395 2206 quod
1416 2166 1486 2197 haec
1509 2168 1571 2198 tria
1595 2171 1791 2201 sacramenta

1014 2217 1163 2248 omnibus
1188 2218 1326 2256 dantur,
1353 2219 1409 2258 qui
1435 2220 1590 2251 accedunt
1619 2221 1658 2252 ad
1681 2222 1789 2253 fidem.

1015 2269 1172 2307 Quoniam
1186 2280 1267 2310 ergo
1280 2272 1517 2304 nutrimentum
1531 2276 1680 2306 nostrum
1694 2285 1794 2316 quan-

1015 2326 1086 2354 tum
1097 2324 1137 2355 ad
1148 2334 1216 2355 esse
1227 2326 1405 2364 gratuitum
1416 2327 1591 2359 attenditur
1600 2328 1634 2359 in
1649 2338 1794 2370 unoquo-

1015 2387 1077 2417 que
1090 2378 1234 2409 fidelium
1250 2388 1306 2418 per
1325 2381 1600 2413 conservationem
1615 2383 1793 2415 devotionis

1016 2431 1055 2462 ad
1072 2431 1181 2470 Deum,
1201 2432 1376 2464 dilectionis
1391 2434 1429 2465 ad
1445 2436 1643 2475 proximum,
1661 2439 1691 2468 et
1705 2438 1794 2468 dele-

1017 2486 1162 2516 ctationis
1176 2486 1260 2517 intra
1274 2487 1430 2527 seipsum;
1448 2491 1478 2519 et
1492 2489 1619 2522 devotio
1639 2491 1679 2522 ad
1693 2491 1795 2522 Deum

1017 2541 1184 2570 exercetur
1217 2549 1273 2579 per
1296 2541 1441 2571 sacrificii
1459 2542 1661 2581 ¹oblationem
1680 2555 1687 2582 3
1716 2544 1793 2575 dile-

1017 2592 1079 2623 ctio
1104 2593 1141 2623 ad
1166 2594 1370 2633 proximum,
1396 2604 1452 2635 per
1480 2597 1576 2627 unius
1607 2598 1796 2628 sacramenti

1018 2647 1292 2684 communionem;
1310 2648 1341 2678 ct
1354 2647 1519 2680 delectatio
1533 2650 1617 2681 intra
1633 2651 1773 2690 seipsum
1784 2674 1793 2689 ,

1051 2711 1058 2725 ¹
1073 2709 1141 2739 σωκ,
1157 2714 1193 2738 m,
1209 2712 1248 2733 zv.

1639 2760 1675 2788 21
