2003 3037
223 235 283 266 412

223 309 286 342 que
298 300 369 332 haec
381 299 537 338 efficiunt,
551 308 626 340 quae
645 301 721 331 sunt
734 300 998 340 magnanimitas,

223 353 350 393 fiducia,
366 353 530 392 securitas,
541 353 793 393 magnificentia,
809 355 998 393 constantia,

223 407 386 449 patientia,
401 407 543 444 fidentia,
558 408 590 438 et
602 408 851 448 perseverantia.
866 407 998 448 Magna-

224 461 355 492 nimitas
370 463 417 492 est
432 461 607 492 difficilium
623 463 798 502 spontanea
812 464 843 493 et
856 462 1000 493 rationa-

225 515 298 546 bilis
312 515 490 555 aggressio.
506 514 637 546 Fiducia
651 517 698 546 est
712 518 798 546 certa
817 525 889 556 spes
901 515 1002 546 animi

226 568 417 609 perducendi
439 568 480 600 ad
493 568 592 600 finem
605 578 674 600 rem
688 569 881 600 inchoatam.
903 569 1000 601 Secu-

226 623 304 654 ritas
317 624 365 654 est
376 622 506 654 habitus
523 623 700 654 secundum
717 631 815 663 quem
831 623 1002 653 imminen-

227 679 276 708 tes
296 676 570 708 incommoditates
593 679 624 707 et
644 677 689 708 rei
712 676 869 707 inchoatae
892 676 1004 706 affines

227 739 294 761 non
312 730 537 761 formidantur.
561 730 809 770 Magnificentia,
827 729 1004 761 secundum

229 783 372 815 Tullium
387 783 413 821 ¹,
429 785 476 814 est
487 792 597 814 rerum
612 792 806 823 magnarum
820 785 851 814 et
865 783 1004 814 excelsa-

230 845 304 868 rum
327 846 400 868 cum
419 837 519 868 animi
539 837 645 878 ampla
660 837 799 878 quadam
821 839 851 868 et
865 836 1004 877 splendi-

230 891 363 922 dissima
385 891 598 931 propositione
612 891 764 930 cogitatio
785 894 881 931 atque
903 890 1005 922 admi-

231 946 388 977 nistratio.
405 946 589 978 Secundum
598 946 793 978 Macrobium
802 946 812 962 ²
823 954 852 974 z«
863 944 910 976 Ma
914 945 1009 985 guiti-

232 999 336 1031 centia
347 1000 579 1031 estdifticilium
590 1002 620 1031 et
629 999 855 1040 praeclarorum
865 1007 1010 1030 consum-

233 1054 366 1085 matio.»
379 1054 562 1085 Constantia
571 1056 617 1085 est
627 1053 781 1085 stabilitas
793 1053 891 1084 animi
902 1054 1008 1090 firma,

233 1109 265 1139 et
288 1108 322 1139 in
346 1108 507 1148 proposito
534 1117 750 1148 perseverans.
783 1107 940 1138 Patientia
962 1108 1010 1137 est

234 1161 338 1193 virtus
361 1161 628 1192 contumeliarum
643 1164 674 1192 et
693 1161 798 1191 omnis
813 1160 1012 1191 adversitatis

235 1216 460 1256 aequanimiter
476 1215 560 1246 mala
574 1218 715 1255 portans.
733 1214 811 1245 Item
826 1214 917 1245 aliter
931 1223 938 1244 ε
957 1213 1013 1245 Pa-

236 1270 346 1301 tientia
375 1272 422 1301 est
449 1269 638 1309 aequanimis
663 1268 822 1299 malorum
850 1268 1013 1298 illatorum

237 1323 413 1355 tolerantia.
431 1323 607 1363 Gregorius
618 1323 628 1338 ³
641 1334 647 1353 ε
669 1335 683 1352 α
698 1322 778 1353 Vera
794 1322 944 1362 patientia
956 1324 1014 1360 est,

237 1378 340 1409 aliena
363 1378 446 1409 mala
461 1377 687 1418 aequanimiter
701 1377 839 1417 perpeti,
856 1380 886 1407 ct
906 1379 1016 1407 contra

237 1440 312 1462 eum
324 1455 332 1469 ,
348 1432 404 1472 qui
418 1431 502 1462 mala
523 1431 657 1470 irrogat,
676 1430 763 1461 nullo
787 1430 886 1460 animi
908 1429 1016 1460 dolore

240 1485 373 1517 moveri.
396 1497 410 1514 »
432 1485 510 1516 Item
534 1484 624 1515 aliter
648 1484 804 1515 diffinitur
828 1496 833 1515 :
864 1483 1017 1514 Patientia

239 1541 287 1570 est
301 1539 448 1570 omnium
465 1538 683 1569 molestiarum
706 1538 833 1569 aliunde
855 1538 1016 1568 illatarum

241 1593 412 1624 victoriosa
428 1592 599 1632 perpessio.
614 1592 756 1623 Fidentia
776 1594 822 1622 est
838 1592 941 1622 virtus
962 1601 1018 1631 per

241 1656 351 1687 quam,
369 1646 495 1685 magnis
507 1648 537 1676 et
553 1646 693 1676 honestis
706 1646 738 1676 in
755 1646 861 1683 rebus,
879 1645 1018 1675 multum

242 1701 309 1740 ipse
325 1700 452 1730 animus
474 1709 507 1729 sc
523 1700 556 1729 in
572 1700 687 1730 fidncia
709 1699 884 1730 collocavit.
909 1698 1020 1730 Perse—

247 1754 408 1791 verantia,
427 1754 602 1785 secundum
621 1753 762 1784 Tullium
783 1754 807 1791 ⁴,
831 1757 877 1784 est
900 1754 1021 1784 ratione

245 1808 324 1838 bene
347 1807 544 1838 considerata
567 1807 687 1837 stabilis
711 1810 741 1837 et
766 1810 917 1847 perpetua
949 1817 1022 1847 per-

246 1861 380 1892 mansio.
394 1860 618 1900 Magistraliter
629 1860 673 1890 sic
688 1861 877 1891 describitur
890 1872 895 1890 :
917 1861 1023 1891 Perse-

246 1915 389 1945 verantia
404 1917 449 1945 est
465 1914 682 1954 permanentia
700 1914 732 1943 in
749 1914 831 1944 bono
852 1914 1020 1952 diuturna,

247 1969 313 1999 sive.
336 1968 449 1998 finalis.
469 1967 555 1998 -Nota
579 1967 665 2007 quod
689 1967 865 1998 constantia
887 1970 934 1998 est
958 1976 1024 2007 per-

248 2022 409 2052 manentia
419 2021 451 2051 in
463 2021 637 2061 proposito,
651 2021 888 2059 perseverantia
898 2023 945 2051 cst
956 2029 1025 2060 per—

249 2075 409 2105 manentia
433 2075 466 2104 in
496 2074 597 2111 hono,
621 2074 687 2104 sive
711 2074 906 2104 continuatio
936 2074 1022 2104 boni.

249 2128 428 2159 Constantia
450 2130 540 2158 cavet
556 2127 659 2158 levem
684 2127 854 2157 transitum
875 2136 893 2157 a
910 2136 1023 2167 propo-

249 2184 308 2214 sito
317 2184 349 2214 in
359 2183 566 2223 propositum3
575 2182 811 2222 perseverantia
822 2191 898 2212 vero
907 2182 1027 2212 discon-

249 2237 459 2267 tinuationem
475 2236 525 2267 vel
536 2235 806 2276 imperfectionem
820 2239 966 2276 respectu
976 2235 1027 2267 de-

249 2291 305 2321 biti
321 2290 403 2321 finis.

292 2344 475 2375 Secundum
490 2342 709 2382 Augustinnm
720 2343 729 2358 ⁵
745 2353 750 2371 1
769 2354 782 2371 (ι
794 2342 892 2373 Actus
907 2343 1028 2373 fortitu-

251 2398 332 2428 dinis
348 2401 392 2428 est
408 2399 517 2427 contra
540 2396 673 2426 adversa
687 2396 788 2426 facere
810 2396 893 2436 quod
910 2397 1025 2436 possit,

252 2454 398 2481 constans
423 2451 454 2480 in
476 2450 662 2486 tolerandis,
679 2449 757 2479 nihil
782 2449 841 2479 nisi
865 2450 969 2489 turpia
987 2450 1028 2480 ti-

253 2513 350 2542 mere,
374 2506 404 2534 ct
418 2504 570 2543 quidquid
595 2503 743 2542 agimus,
761 2503 811 2533 vel
836 2503 1026 2542 cogitamus,

252 2559 291 2589 ad
306 2558 438 2588 rationis
453 2567 600 2588 normam
616 2557 765 2595 dirigere.
784 2568 797 2584 n

286 2623 290 2635 ¹
307 2621 369 2650 Cic,
383 2620 412 2643 de
429 2621 511 2643 Ιιιιψη(
525 2639 533 2649 ‚
551 2620 593 2644 lib.
608 2621 636 2643 ΙΙ.
647 2633 676 2638 -——
692 2620 700 2634 ²
713 2620 839 2648 Macrim„
851 2619 898 2642 loc.
912 2620 1027 2649 proxime

253 2657 293 2681 cit,
311 2670 338 2675 —
355 2657 363 2671 ³
381 2657 457 2686 Greg,
477 2657 501 2679 ιἰι
526 2657 630 2685 Ernny„
655 2656 723 2679 boni.
746 2662 823 2686 xxxv,
843 2662 895 2679 non
921 2656 1028 2679 inultum

254 2696 311 2717 ante
328 2693 396 2716 nied.
416 2706 446 2710 —
467 2692 475 2707 ⁴
491 2693 553 2722 Cic„
575 2692 624 2715 loc.
649 2692 764 2723 proxime
785 2692 826 2715 cit.
849 2704 877 2708 --
897 2692 906 2707 ⁵
922 2692 978 2715 Lib.
1000 2692 1029 2714 ‹le›

255 2730 323 2759 Sprr.
343 2730 366 2752 et
386 2729 480 2756 Anim„
498 2735 520 2751 c.
537 2735 580 2752 xx.
598 2741 628 2746 -
643 2728 653 2744 ⁶
671 2728 734 2757 Cic,
752 2727 781 2750 de
804 2728 909 2755 Inveni..
929 2727 970 2751 lib.
997 2728 1026 2750 ll.

872 231 1181 272 CENTILOQUIUM.

1272 352 1446 386 SECTIO
1477 353 1611 388 XLIV.

1356 438 1395 465 De
1412 437 1534 465 Justitia.

1096 515 1248 556 Sequitur
1271 517 1380 549 videre
1401 518 1439 549 de
1461 518 1585 559 ¹justitia
1610 520 1769 560 quantum
1793 519 1834 552 ad
1859 531 1954 553 :msu-

1856 563 1955 590 desei-ip-

1847 595 1927 616 tiones.

1056 569 1295 610 diffinitionem,
1313 571 1492 611 specierum
1516 571 1784 612 assignationem,
1802 574 1835 604 et

1057 623 1219 654 actionum
1241 625 1513 664 progressionem.
1533 624 1658 656 iustitia
1679 624 1835 657 diffinitur

1057 678 1103 709 sic
1117 687 1134 708 a
1149 677 1254 709 Tullio
1267 678 1300 709 in
1314 679 1422 718 prima
1439 678 1611 711 Rhetorica·
1625 682 1635 699 ⁸
1653 689 1660 710 :
1683 678 1838 710 «iustitia

1059 733 1105 762 est
1115 730 1244 762 habitus
1253 732 1365 769 animi,
1378 733 1543 764 communi
1551 733 1687 764 utilitate
1697 734 1835 772 servata,

1059 794 1151 815 suam
1169 785 1345 826 unicuique
1359 786 1503 818 tribuens
1516 778 1717 827 dignitatem.
1734 798 1749 816 η
1768 786 1834 818 Ma-

1060 838 1187 869 crobius
1200 839 1211 856 ⁷
1230 849 1237 869 :
1263 850 1278 868 a
1296 838 1422 870 Justitia
1445 842 1493 871 est
1515 840 1689 881 unicuique
1709 849 1839 872 servare

1061 891 1147 932 quod
1161 901 1257 923 suum
1276 895 1332 924 est.
1358 903 1372 922 ιι
1389 893 1609 933 Augustinus,
1624 893 1706 925 libro
1723 893 1763 926 dh
1783 893 1838 927 Li·

1064 945 1132 978 bero
1147 946 1284 979 arbitrio
1299 948 1310 965 ⁸
1327 958 1334 978 ι
1349 959 1364 977 (ι
1378 947 1538 979 ,Iustitiam
1553 947 1630 988 quid
1643 946 1746 978 dicam
1761 955 1840 986 esse,

1064 1000 1127 1031 nisi
1141 1000 1294 1032 virtutem
1314 1010 1378 1041 qua
1396 1010 1454 1032 sua
1467 1001 1583 1041 cuique
1598 1000 1808 1032 tribuuntur?
1822 1012 1837 1031 υ

1065 1053 1170 1093 Super
1190 1053 1379 1085 Matiliaeum
1393 1055 1404 1072 ⁹
1421 1065 1427 1085 z
1447 1055 1540 1087 Beati
1561 1055 1619 1095 qui
1641 1056 1789 1087 esuriunt
1812 1057 1843 1088 et

1065 1108 1186 1140 sitiunt
1201 1107 1369 1147 justitiam
1384 1110 1424 1147 (α)
1439 1119 1445 1139 :
1465 1120 1480 1137 a
1496 1108 1511 1139 J
1516 1108 1625 1139 ustitia
1639 1110 1686 1139 est
1702 1117 1760 1139 sua
1775 1108 1842 1139 cui-

1067 1170 1128 1201 que
1143 1161 1300 1200 tribuere,
1325 1162 1400 1200 sibi,
1425 1162 1591 1202 proximo,
1615 1163 1646 1192 et
1666 1161 1738 1192 Deo.
1755 1171 1769 1190 »
1789 1161 1845 1192 Se-

1068 1224 1165 1245 neca:
1187 1227 1202 1245 «
1217 1215 1297 1252 Quid
1313 1218 1360 1246 est
1376 1216 1507 1256 justitia,
1526 1216 1586 1247 nisi
1608 1217 1734 1247 naturae
1752 1216 1847 1248 tacita

1069 1269 1256 1306 conventio,
1273 1269 1306 1299 in
1320 1269 1516 1309 adjutorium
1539 1269 1717 1300 multorum
1731 1269 1847 1301 inven-

1070 1323 1123 1352 ta?
1135 1333 1149 1351 n
1159 1322 1243 1353 idem
1256 1333 1261 1352 :
1275 1334 1289 1351 α
1303 1322 1428 1354 Justitia
1437 1323 1545 1354 divina
1553 1323 1605 1354 lex
1618 1325 1676 1361 est,
1688 1325 1719 1354 et
1733 1323 1847 1355 vincu-

1070 1375 1137 1406 lum
1155 1376 1312 1406 societatis
1331 1377 1493 1407 hnmauae.
1512 1387 1526 1404 »
1546 1376 1684 1407 Isidorus
1700 1385 1708 1407 :
1729 1387 1743 1405 a
1756 1375 1850 1408 Justi-

1072 1429 1115 1459 tia
1129 1431 1175 1459 est
1190 1429 1267 1460 ordo
1283 1432 1314 1460 ct
1324 1430 1470 1469 aequitas,
1489 1438 1552 1469 qua
1568 1429 1665 1460 homo
1680 1438 1755 1460 cum
1767 1438 1848 1461 una-

1072 1491 1199 1522 quaque
1221 1491 1255 1512 re
1279 1483 1359 1513 bene
1381 1482 1589 1513 ordinatur.»
1615 1482 1785 1514 Anselmus
1803 1483 1848 1513 ¹⁰:

1078 1547 1092 1564 α
1104 1535 1229 1567 Jusntia
1242 1539 1288 1567 est
1304 1536 1459 1567 rectitudo
1483 1536 1654 1567 voluntatis
1674 1540 1803 1576 propter
1817 1545 1851 1568 se

1075 1593 1215 1628 servata3
1233 1601 1247 1618 n
1264 1592 1393 1631 propter
1408 1599 1457 1628 se,
1474 1589 1697 1621 rectitudinem
1722 1589 1849 1620 scilicet.

1077 1644 1154 1675 ltcm
1178 1644 1270 1675 aliter
1288 1644 1444 1675 diffinitur
1459 1643 1503 1673 sic
1520 1653 1526 1673 ε
1546 1642 1673 1673 Justitia
1688 1643 1734 1673 est
1749 1642 1855 1673 virtus

1077 1697 1296 1729 cons-“rvatrix
1332 1698 1482 1728 bumanae
1513 1695 1672 1727 societatis
1683 1719 1690 1732 ‚
1720 1697 1750 1725 et
1779 1695 1855 1726 vitae

1078 1752 1324 1783 communitatis.
1338 1750 1537 1790 Augustinus
1551 1750 1584 1788 ¹¹,
1594 1749 1633 1781 de
1644 1748 1786 1780 Moribus
1794 1749 1825 1780 E
1826 1756 1857 1781 c-

1078 1806 1203 1838 clesioe:
1225 1818 1237 1834 u
1253 1805 1378 1836 iustitia
1399 1806 1446 1835 cst
1469 1812 1559 1834 amor
1579 1803 1636 1833 soli
1661 1805 1767 1834 amato
1789 1811 1855 1834 ser-

1080 1860 1185 1898 viens,
1203 1861 1233 1889 et
1251 1861 1417 1899 propterea
1436 1860 1519 1888 recte
1543 1857 1711 1888 dominans
1735 1858 1856 1887 caeteris

1080 1923 1153 1953 qum
1165 1912 1286 1944 homini
1301 1912 1444 1951 subjecta
1453 1913 1537 1941 sunt.
1550 1910 1575 1941 A
1585 1909 1748 1949 Magistris
1758 1910 1802 1941 sic
1814 1913 1855 1941 ¹¹:

1085 1980 1099 1997 (ι
1115 1967 1239 1998 Justitia
1254 1969 1299 1997 est
1313 1968 1459 1997 constans
1474 1967 1503 1995 et
1520 1967 1673 2004 perpetua
1689 1964 1854 2000 voluntas,

1077 2023 1132 2060 jus
1145 2029 1241 2051 sunm
1258 2019 1430 2058 unicnique
1447 2019 1600 2049 tribuens.
1617 2029 1631 2046 n

1122 2074 1135 2105 J
1142 2074 1266 2111 ustitia,
1284 2072 1459 2103 secundum
1475 2071 1640 2112 quosdam,
1657 2070 1810 2101 dividitur
1824 2070 1858 2101 in

1082 2128 1302 2165 severitatem,
1328 2129 1357 2157 et
1378 2126 1610 2156 liberalitatem.
1634 2124 1792 2155 Severitas
1812 2125 1860 2154 est

1083 2183 1184 2213 virtus
1208 2181 1313 2211 debito
1339 2179 1493 2220 supplicio
1519 2187 1667 2210 coercens
1691 2177 1856 2217 injuriam.

1084 2235 1267 2266 Liberalitas
1278 2237 1320 2265 est
1333 2234 1435 2264 virtus
1443 2233 1670 2264 beneficiorum
1681 2231 1858 2271 erogatrix,

1084 2298 1156 2329 qua}
1171 2298 1228 2328 pro
1250 2288 1365 2318 affectu
1382 2287 1581 2326 benignitas,
1602 2295 1660 2327 pro
1676 2285 1789 2316 effectu
1805 2285 1861 2316 be-

1083 2343 1249 2373 neficentia
1260 2342 1446 2372 nominatur
1459 2352 1465 2371 z
1480 2343 1510 2371 et
1521 2339 1662 2370 consistit
1675 2339 1742 2369 baec
1758 2338 1860 2369 virtus

1085 2399 1149 2427 tota
1171 2396 1202 2426 in
1225 2394 1404 2425 tribuendo.
1428 2393 1662 2432 Benignitatem
1688 2400 1764 2422 vero
1782 2390 1861 2421 divi-

1085 2449 1163 2479 dunt
1176 2449 1206 2478 in
1219 2450 1338 2488 septeni
1351 2449 1466 2487 partes,
1478 2446 1596 2476 scilicet
1612 2445 1644 2475 in
1655 2443 1857 2483 religionem,

1086 2503 1245 2542 pietatem,
1263 2501 1489 2537 innocentiam,
1505 2499 1689 2535 amicitiam,
1706 2506 1859 2528 reveren-

1086 2589 1114 2593 —
1129 2577 1135 2589 ’ν
1152 2575 1275 2604 Macron„
1292 2574 1339 2597 loc.
1356 2573 1397 2596 cit.
1413 2585 1443 2590 -
1461 2572 1472 2588 ⁸
1487 2572 1560 2601 Aug,
1581 2570 1610 2593 cle
1625 2569 1677 2593 L1b.
1694 2568 1765 2595 Arb..
1779 2568 1823 2592 lib.
1842 2569 1860 2600 1,

1086 2618 1107 2634 c.
1128 2617 1182 2634 xni.
1202 2624 1227 2626 -
1249 2610 1259 2626 ⁹
1281 2609 1383 2637 Mami„
1405 2614 1428 2637 v,
1451 2609 1474 2630 5.
1496 2620 1524 2624 —
1546 2607 1562 2620 '0
1584 2605 1685 2630 Anselni
1701 2624 1706 2633 ‚
1721 2605 1750 2628 <Ie
1775 2604 1861 2632 serit„

1086 2654 1108 2670 c.
1132 2652 1188 2670 xiii.
1214 2658 1243 2662 —
1283 2647 1288 2661 ¹
1312 2646 1387 2673 Aug„
1409 2643 1438 2666 de
1464 2642 1554 2667 Mm-i'b.
1579 2641 1656 2671 Ecca,
1683 2641 1726 2664 lib.
1753 2640 1806 2664 XV.
1831 2651 1862 2658 —

1087 2684 1105 2699 ¹¹
1119 2683 1201 2705 Irislil.
1216 2681 1248 2704 «Ie
1265 2680 1350 2703 Jusn't.
1367 2681 1390 2702 el
1408 2679 1479 2709 dure,
1495 2678 1519 2702 iu
1539 2678 1618 2708 princ.

1118 2727 1152 2758 (a)
1167 2725 1268 2757 Suppl.‚
1282 2723 1378 2748 Glossa.
