2003 3037
144 1869 234 1892 Quomo—

150 1900 177 1919 do
189 1902 228 1919 stet

147 1931 234 1950 libertus

139 1962 232 1981 1011111111-

255 180 314 212 256

255 247 353 279 simul
367 249 429 279 stat
452 247 582 279 libertas
603 249 635 279 et
653 246 843 278 vertibilitas
856 246 1032 278 voluntatis

256 309 330 331 cum
345 300 623 340 praedestinatione
636 302 668 332 et
681 300 891 341 praescientia.

296 353 509 394 Intelligentia
524 356 632 386 autem
648 357 680 386 et
701 355 783 386 ratio
804 354 1030 395 praedictorum

255 407 325 438 haec
336 409 384 438 est
400 417 408 438 ε
425 408 579 448 quoniam
593 408 737 449 primum
750 408 955 449 principium,
971 407 1033 438 1100

255 459 325 499 ipso
348 461 433 501 quod
459 462 604 502 primum
627 464 674 493 est
696 464 728 493 et
745 470 930 499 summum,
950 469 1031 500 cog-

256 513 410 545 nitionem
442 515 539 546 habet
571 515 669 546 simul
704 515 971 556 simplicissimam
1001 516 1032 544 et

256 567 531 607 perfectissimam.
561 568 641 606 Quia
665 568 941 609 perfectissimam,
960 567 1032 598 ideo

255 621 419 660 cognoscit
438 623 547 653 omnia
565 622 801 654 distinctissime
814 646 822 659 ‚
843 621 903 652 sub
926 621 1032 652 omni-

255 674 316 705 bns
337 675 573 707 conditionibus
587 685 666 716 quas
680 685 731 707 res
745 675 867 706 habent
878 699 886 714 ‚
903 674 955 706 vel
976 674 1032 705 ha-

255 727 331 759 here
346 732 504 768 possunt:
521 732 551 761 et
565 733 732 771 propterea
753 730 861 760 futura
884 729 941 759 scit
964 737 1031 759 esse

255 781 378 820 futura,
395 785 426 813 et
441 784 611 823 praesentia
624 783 815 823 praesentim
833 784 864 813 et
877 782 960 813 bona
973 783 1032 812 scit

255 836 459 876 approbanda
474 860 483 874 ‚
511 837 595 867 mala
619 836 831 876 reprobanda.
860 835 941 866 Hinc
963 838 1030 874 est,

255 889 340 928 quod
365 889 491 921 diversa
514 890 646 920 sortitur
667 889 838 927 vocabula,
855 889 1031 920 secundum

254 942 339 982 quod
365 942 483 973 dictum
505 946 552 974 est
567 952 674 983 supra.
692 942 752 974 Sed
768 943 845 983 quia
860 943 956 973 simul
971 945 1033 974 stat

255 995 404 1035 perfectio
433 997 595 1036 sapientiae
618 1006 693 1027 cum
720 1006 848 1027 summa
877 996 1029 1036 simplici-

254 1050 317 1079 tate
330 1060 337 1087 ;
355 1049 430 1080 hinc
445 1053 493 1080 est
507 1051 591 1090 quod
615 1051 722 1081 onmia
737 1050 798 1081 alia
813 1060 831 1081 a
846 1060 879 1081 se
894 1059 1030 1089 cognos-

255 1102 296 1132 cit
312 1102 343 1132 in
361 1112 394 1133 se
409 1106 440 1134 et
458 1113 513 1143 per
527 1113 559 1134 se
577 1113 583 1134 :
602 1113 642 1134 ex
660 1113 724 1144 quo
746 1104 892 1143 sequitur
916 1113 1029 1134 secuu-

254 1155 331 1187 dum
346 1181 354 1195 ‚
381 1158 466 1197 quod
489 1160 593 1188 creata
617 1158 779 1197 cognoscit
801 1158 939 1188 increate
962 1169 968 1188 z
992 1167 1032 1188 ex

255 1218 320 1249 quo
347 1211 491 1250 sequitur
519 1211 650 1242 tertium
669 1235 677 1249 ‚
707 1210 792 1251 quod
823 1210 1033 1251 dependentia

255 1264 419 1302 cognoscit
449 1264 699 1304 independenter
730 1273 738 1295 z
768 1273 809 1295 ex
834 1274 900 1304 quo
928 1264 1032 1295 oritur

255 1319 421 1356 quartum,
439 1317 525 1357 quod
546 1318 729 1357 temporalia
752 1317 916 1356 cognoscit
937 1320 1029 1348 acter-

255 1367 393 1399 naliter:
412 1378 451 1399 ex
482 1379 545 1408 quo
574 1369 719 1409 sequitur
746 1370 893 1409 quintum
916 1394 923 1407 ,
946 1370 1031 1409 quod

255 1421 364 1452 futura
399 1423 562 1461 cognoscit
594 1423 835 1462 praesentialiter
864 1434 870 1453 z
901 1432 939 1453 cx
967 1432 1032 1463 quo

256 1475 358 1506 oritur
385 1479 533 1515 sextum,
561 1477 645 1516 qnod
676 1477 840 1507 mutabilia
869 1477 1033 1516 cognoscit

257 1528 500 1560 immutabiliter
517 1541 523 1560 z
540 1539 578 1560 cx
596 1539 659 1569 quo
678 1530 822 1570 seqnitur
835 1531 1006 1570 septimum
1020 1556 1030 1569 ‚

257 1583 341 1622 quod
374 1584 594 1623 contingentia
623 1584 787 1622 cognoscit
814 1584 1030 1614 infallibiliter.

258 1635 295 1666 Et
309 1637 351 1666 ita
367 1637 584 1676 contingentia
597 1661 604 1674 ‚
624 1638 785 1667 manentia
801 1638 1030 1676 contingentia,

257 1692 331 1719 sunt
349 1690 467 1721 divinae
491 1691 653 1730 sapientiae
681 1700 810 1729 prorsus
834 1690 1031 1729 infallibilia,

260 1744 322 1772 lam
340 1743 372 1773 in
395 1744 655 1782 contingentibus
671 1753 742 1782 qua¹
759 1744 923 1783 subjacent
940 1748 1031 1775 natu-

260 1805 318 1834 rae,
335 1807 429 1836 quain
448 1797 585 1827 libertati
602 1797 773 1827 voluntatis
788 1798 949 1828 humanam

300 1849 387 1880 Unde
416 1851 470 1890 qui
501 1850 570 1881 vnlt
602 1851 660 1881 hoc.
690 1860 802 1881 verum
833 1851 1030 1891 intelligere,

259 1904 419 1943 quomodo
434 1904 529 1934 simul
545 1906 603 1933 stet
618 1903 747 1933 libcitas
762 1904 936 1935 voluntatis
950 1915 1031 1936 crea-

261 1960 299 1988 tae
315 1967 388 1988 cnm
407 1958 626 1988 infallibilitate
642 1958 924 1997 przedeslinalionis
939 1962 1030 1989 zeter-

154 1999 243 2043 22:1¹1„-
260 2020 309 2041 11ae
320 2035 327 2047 ‚
344 2011 529 2041 resolvendo
545 2011 584 2040 ab
601 2011 661 2040 hoc
676 2010 798 2049 ultimo,
816 2012 960 2050 procedat
979 2022 1033 2052 per

138 2054 228 2104 ‘'tittt·

149 2116 228 2142 praede-

144 2147 235 2166 5111131111-

138 2177 169 2197 nis
185 2180 245 2197 felci·-

260 2063 331 2093 illos
343 2066 461 2103 septem
477 2064 599 2102 gradus
609 2073 710 2103 usque
725 2064 763 2093 ad
780 2064 932 2104 primum,
948 2066 1032 2105 qnod

262 2116 401 2156 primum
417 2117 611 2156 principium
630 2117 855 2156 perfectissime
870 2119 1034 2157 cognoscit

261 2169 369 2199 omnia
386 2179 441 2209 per
457 2170 596 2209 scipsum
607 2193 614 2206 ,
633 2170 718 2209 quod
733 2172 778 2200 est
794 2180 907 2201 verum
925 2172 1033 2202 certis—

261 2223 378 2253 simum
405 2234 411 2253 2
439 2233 477 2253 cx
505 2233 569 2263 quo
592 2225 707 2253 caetera
733 2224 881 2263 praedicta
906 2225 1032 2256 ratioci-

261 2276 366 2306 nando
390 2276 594 2307 infallibiliter
610 2277 855 2308 concluduntur.
872 2278 959 2309 Sicut
982 2289 1035 2310 au-

265 2330 326 2358 tem
343 2329 459 2360 divinae
482 2330 675 2368 cognitionis
695 2331 849 2361 certitudo
864 2332 959 2363 simul
974 2336 1034 2363 stat

262 2390 333 2411 cum
351 2383 570 2421 contingentia
592 2392 701 2413 rerum
721 2385 941 2424 cognitarum,
959 2387 1034 2425 quia

844 177 1097 216 BREVILOQUH
1121 177 1225 211 PARS
1248 178 1271 210 1.

1087 246 1130 276 cit
1143 246 1294 278 universa
1317 248 1347 277 et
1368 244 1515 286 singula,
1533 247 1564 278 et
1587 245 1642 278 illa
1663 247 1774 280 omnia
1795 247 1862 279 dis-

1086 299 1274 331 tinctissime
1288 301 1320 330 et
1335 299 1562 340 perfectissime
1582 302 1790 340 repraesentat
1805 311 1814 332 z
1830 303 1862 332 et

1087 353 1158 384 ideo
1173 353 1378 392 singulorum
1401 353 1520 384 dicitur
1540 353 1657 384 hahere
1678 354 1817 386 rationes
1831 356 1863 385 et

1087 407 1173 438 ideas
1184 431 1193 445 ,
1211 409 1362 447 tanquam
1377 416 1488 438 rerum
1503 406 1726 438 similitudines
1739 407 1860 448 perfec-

1087 461 1209 492 tissime
1221 461 1432 502 expressivas.
1450 461 1530 499 Quia
1542 470 1619 492 vero
1629 461 1863 502 simplicissima

1087 517 1166 553 est,
1197 515 1267 546 ideo
1293 524 1405 546 omnes
1436 515 1662 546 similitudines
1694 515 1757 546 illae
1787 517 1863 546 sunt

1087 577 1190 600 unum
1207 569 1241 599 in
1256 569 1335 609 ipsa.
1352 568 1440 600 Unde
1459 569 1541 600 sicut
1562 569 1645 600 Deus
1665 578 1732 600 una
1747 569 1863 600 virtute

1086 623 1195 653 omnia
1211 623 1357 662 producit
1370 632 1410 654 ex
1429 624 1572 663 tempore
1594 622 1769 654 seeundum
1792 631 1861 653 om-

1086 676 1250 707 nimodam
1271 685 1383 708 rerum
1404 677 1638 716 integritatem,
1655 677 1698 707 sic
1713 685 1780 707 una
1793 676 1862 707 vir-

1086 731 1156 760 tute
1170 730 1278 760 omnia
1303 730 1455 770 exprimit
1478 730 1754 770 sempiternaliter.
1771 729 1810 760 Et
1824 729 1863 760 si-

1087 784 1139 812 cut
1154 791 1219 813 una
1233 785 1281 814 est
1294 783 1327 813 in
1342 783 1405 815 Deo
1428 783 1582 814 altissimo
1602 783 1744 824 operatio
1758 783 1863 814 activa

1087 837 1263 867 secundum
1286 846 1372 875 rem,
1390 836 1542 867 dicuntur
1564 838 1671 867 tamen
1695 836 1803 876 plures
1817 845 1863 867 re-

1087 898 1161 920 rum
1185 890 1408 930 productiones
1429 890 1552 921 ratione
1575 889 1767 930 pluralitatis
1784 898 1862 930 pro-

1087 943 1335 981 <1uetorum;sie
1354 953 1419 974 una
1443 946 1489 974 est
1512 945 1629 974 veritas
1652 943 1751 974 unius
1774 945 1864 974 actus

1088 996 1307 1035 intelligentiae
1322 997 1354 1026 iu
1370 997 1433 1027 Deo
1444 1021 1452 1035 ‚
1469 997 1620 1028 dicuutur
1632 999 1738 1028 tamen
1754 997 1862 1037 plures

1088 1049 1327 1090 similitudines,
1346 1050 1425 1081 ideae
1440 1053 1471 1081 et
1484 1051 1641 1088 rationes,
1658 1051 1781 1082 ratione
1796 1050 1864 1090 plu-

1087 1102 1219 1133 ralitatis
1246 1103 1423 1134 ideatorum
1440 1128 1448 1141 ,
1476 1104 1527 1135 vel
1549 1104 1757 1135 existentium
1774 1127 1782 1142 ,
1812 1102 1863 1135 vel

1088 1156 1270 1187 futurorum
1283 1180 1292 1195 ‚
1308 1157 1357 1187 vel
1374 1157 1582 1197 possibilium.
1601 1157 1657 1188 Hae
1682 1160 1789 1188 autem
1811 1166 1863 1187 ra-

1088 1209 1205 1247 tiones,
1230 1210 1281 1241 vel
1305 1210 1403 1247 ideae,
1419 1210 1491 1241 licet
1514 1211 1578 1242 sint
1603 1220 1669 1242 una
1691 1211 1811 1242 veritas
1834 1212 1864 1240 et

1088 1262 1143 1293 lux
1169 1263 1201 1293 iu
1217 1264 1352 1294 essentia
1367 1288 1374 1302 ,
1401 1273 1465 1294 non
1489 1267 1597 1295 tamen
1625 1265 1774 1295 dicuntur
1797 1273 1865 1295 esse

1089 1326 1154 1347 una
1176 1317 1256 1347 ratio
1279 1317 1330 1348 vel
1355 1318 1436 1348 idea.
1461 1317 1550 1349 Ratio
1572 1318 1678 1357 enim,
1702 1318 1751 1349 vel
1774 1318 1862 1356 idea,

1088 1371 1203 1401 dicitur
1219 1374 1253 1401 ut
1266 1371 1305 1401 ad
1324 1371 1461 1401 alterum
1476 1396 1483 1406 ,
1511 1371 1686 1402 secundum
1708 1372 1864 1402 rationein

1088 1423 1311 1463 intelligendi:
1338 1424 1481 1455 nominat
1509 1425 1594 1455 enim
1624 1425 1864 1456 similitudinem

1088 1477 1228 1515 cogniti,
1246 1486 1317 1517 qua}
1334 1477 1460 1508 realiter
1475 1479 1561 1508 tenet
1578 1487 1611 1509 se
1629 1488 1669 1508 ex
1685 1481 1772 1518 parte
1789 1478 1840 1508 Dei
1855 1502 1862 1515 ‚

1088 1530 1174 1565 licet,
1198 1531 1378 1561 secundum
1401 1531 1556 1562 rationem
1580 1531 1798 1571 intelligendi,
1816 1531 1863 1561 di-

1089 1592 1159 1613 cere
1188 1583 1337 1613 vidcatnr
1366 1584 1485 1623 aliquid
1516 1593 1557 1614 ex
1584 1587 1674 1624 parte
1699 1585 1804 1616 ideati.
1831 1585 1863 1615 Si

1089 1639 1197 1667 autem
1212 1636 1311 1676 hujus
1327 1637 1430 1667 simile
1446 1637 1477 1667 in
1502 1640 1644 1668 creatura
1668 1639 1862 1678 requiratur,

1089 1690 1275 1726 dicendum,
1294 1690 1378 1729 qnod
1401 1690 1459 1720 hoc.
1484 1693 1531 1720 cst
1554 1691 1654 1730 ipsius
1673 1691 1865 1731 exemplaris

1090 1743 1254 1783 proprium
1274 1754 1280 1773 :
1303 1743 1399 1783 quia,
1426 1743 1507 1774 sicut
1529 1744 1647 1774 dictum
1672 1747 1719 1774 est
1735 1769 1742 1782 ‚
1769 1745 1863 1775 simul

1089 1799 1135 1827 est
1163 1797 1298 1836 simplex
1315 1821 1323 1835 ‚
1349 1800 1377 1827 ct
1406 1797 1592 1835 infinitum,
1616 1800 1646 1828 et
1676 1798 1863 1837 perfectissi-

1090 1859 1180 1881 mum
1207 1861 1213 1880 :
1241 1859 1304 1890 quo
1335 1850 1582 1889 praeintellccto,
1612 1853 1726 1882 caetera
1754 1861 1863 1882 consc-

1089 1906 1225 1943 quentcr
1249 1903 1457 1934 innotescunt.
1487 1904 1565 1941 Quia
1591 1905 1677 1934 enim
1703 1904 1865 1944 exemplar

1090 1957 1167 1987 illud
1184 1959 1230 1987 cst
1245 1957 1517 1996 simplicissimum
1536 1961 1565 1987 et
1583 1958 1862 1997 perfectissimum,

1089 2011 1160 2041 ideo
1183 2013 1271 2040 actus
1295 2020 1419 2049 purus;
1446 2011 1521 2050 quia
1545 2020 1621 2041 vero
1646 2011 1805 2041 infinitum
1834 2014 1864 2041 ct

1091 2065 1284 2095 immensum
1303 2088 1310 2100 ‚
1340 2064 1409 2094 ideo
1439 2067 1529 2095 extra
1556 2074 1651 2095 omne
1679 2074 1794 2104 genus.
1827 2065 1864 2095 Et

1092 2117 1168 2148 111110
1190 2120 1252 2156 est,
1271 2117 1356 2157 quod
1374 2118 1513 2148 existens
1534 2128 1655 2157 unum,
1676 2121 1778 2159 potest
1799 2127 1866 2149 esse

1092 2171 1268 2201 similitudo
1284 2171 1469 2210 expressiva
1489 2171 1675 2202 multorum.

1335 2281 1513 2314 CAPUT
1548 2282 1614 2314 IX.

1217 2364 1252 2388 De
1276 2363 1420 2390 Voluntatc
1438 2365 1496 2397 Dei,
1513 2367 1535 2390 et
1555 2364 1736 2391 Providentia.

261 2435 357 2465 simul
372 2438 418 2465 cst
444 2436 677 2475 simplicissima
698 2439 726 2466 et
753 2438 975 2476 perfectissima
991 2440 1034 2469 ‹li-
1132 2440 1173 2470 De
1188 2440 1351 2471 voluntate
1366 2441 1432 2479 Dei,
1447 2441 1514 2471 haic
1532 2441 1664 2472 tenenda
1679 2444 1763 2479 sunt,
1776 2442 1860 2481 quod
1890 2450 1968 2471 Volun-

1091 2494 1158 2533 ipsa
1172 2494 1215 2524 sic
1238 2497 1285 2524 est
1303 2497 1407 2532 recta,
1426 2495 1510 2534 quod
1538 2494 1625 2525 nullo
1649 2495 1740 2525 modo
1765 2496 1862 2535 possit
1875 2481 1980 2538 Jssfffssssss.

1091 2547 1276 2586 obliquare3
1300 2548 1343 2578 sic
1366 2550 1413 2578 est
1438 2548 1567 2585 efficax,
1591 2551 1627 2579 ut
1653 2549 1741 2579 nullo
1767 2550 1861 2580 modo
1889 2546 1967 2594 ffel?

1090 2601 1186 2639 possit
1201 2601 1365 2641 impedir13
1383 2602 1426 2631 sic
1441 2603 1486 2631 est
1506 2610 1586 2641 una,
1604 2605 1639 2632 ut
1657 2605 1762 2633 tamen
1782 2602 1861 2633 mul-

1091 2654 1258 2685 tiformiter
1290 2655 1406 2685 habeat
1433 2655 1619 2693 significari.
1650 2656 1861 2695 Significatur

262 2487 337 2518 vina
365 2489 534 2527 sapientiam
554 2489 598 2518 sic
624 2490 727 2519 unitas
753 2490 847 2520 simul
875 2494 935 2521 stat
960 2502 1032 2521 cnm

262 2541 513 2572 multiformitate
533 2543 693 2572 rationum
713 2545 743 2573 et
763 2543 905 2574 idearum
922 2554 962 2574 ex
985 2555 1034 2575 ea-

261 2594 333 2625 dem
362 2604 466 2626 causa.
496 2595 576 2631 Quia
603 2595 688 2625 enim
717 2596 942 2635 perfectissima
965 2601 1030 2636 est,

263 2647 332 2678 ideo
353 2648 587 2679 distinctissime
604 2650 634 2677 et
657 2650 880 2687 perfectissime
896 2660 1030 2690 cognos-
