2003 3037
201 255 262 286 286
740 259 744 262 ’
781 246 1035 290 BREVILOQUII
1055 246 1160 284 PARS
1181 247 1234 284 lv.

101 332 178 348 conoe·
201 319 355 361 Virginis,
368 319 404 350 in
413 327 479 360 qua
485 319 612 360 peracta
621 317 682 350 fuit
689 317 786 350 Verbi
795 319 958 359 conceptio
966 329 974 358 ;

79 357 188 416 Ρὲῗῑῖῃὲε
200 373 277 405 hinc
289 375 336 405 est
350 372 452 414 quod,
468 365 541 404 licet
555 381 636 414 opus
649 372 729 404 illud
743 373 784 404 sit
796 382 815 404 a
828 374 896 404 tota
909 371 976 403 Tri-

91 422 172 442 Μώ-
200 427 318 467 nitate,
333 436 391 468 per
407 425 700 467 appropriationem
727 428 837 458 tamen
859 425 977 458 dicitur

1278 376 1454 412 CAPUT
1493 374 1563 412 IV.

80 759 105 780 ln
116 759 185 786 primo

89 791 174 812 instanti

85 829 178 851 concep-

98 855 161 875 tionis

89 885 167 908 ehrsssii

80 918 145 938 multa
155 918 182 939 siv

79 949 124 970 mut
137 956 186 971 con-

79 984 175 1002 currunt.

199 480 301 521 Virgo
315 480 495 521 concepisse
510 480 549 512 de
563 478 686 520 Spiritu
700 481 819 511 sancto.

239 534 420 574 Postremo,
435 533 589 575 quoniam
604 535 652 565 est
667 543 687 565 a
700 534 805 574 primo
818 532 977 574 principio

198 591 366 631 reparante
388 589 485 620 modo
510 588 773 630 completissimo;
803 587 880 619 hinc
902 589 951 618 est
966 610 974 624 ‚

198 644 284 685 quod
299 644 334 675 in
347 643 552 683 conceptione
567 641 735 684 completio
749 641 856 673 debita
869 641 929 672 fuit
943 641 977 672 in

199 697 302 739 prole,
316 697 376 728 suit
385 697 418 728 in
430 702 601 737 conceptu,
613 696 673 727 fuit
683 699 715 727 et
725 695 760 727 in
771 695 889 726 virtute
904 703 977 726 con-

199 751 344 792 cipiente.
362 750 400 782 Et
413 750 491 791 qnia
505 749 674 791 completio
689 749 794 780 debita
807 748 918 780 debuit
932 758 978 780 es-

200 805 283 837 sein
298 804 402 846 prole3
418 803 495 835 hinc
508 805 557 835 est
567 827 576 842 ,
598 803 683 844 quod
698 803 732 834 in
748 802 879 834 instanti
900 811 976 834 con-

200 857 352 900 ceptionis
372 866 436 889 non
459 859 587 888 tantum
610 856 671 887 suit
690 856 822 888 seminis
841 856 974 894 decisio,

199 921 314 944 verum
328 911 424 943 ctiam
439 910 665 948 consolidatio,
681 910 897 950 configuratio
909 935 918 949 ,
933 910 978 941 vi-

199 966 338 998 vificatio
352 974 409 1006 per
423 965 585 1003 animam,
611 965 642 995 ct
656 963 813 995 deificatio
836 973 892 1004 per
907 964 977 995 ‹lei-

200 1022 296 1051 tatcm
311 1019 435 1050 unitam
454 1029 460 1049 :
478 1021 510 1049 et
527 1018 571 1049 sie
586 1017 684 1058 Virgo
700 1017 753 1049 Dei
769 1017 886 1048 Filium
903 1028 977 1050 vere

200 1073 378 1114 conciperet
393 1082 450 1113 per
462 1073 615 1104 unionem
632 1073 737 1103 carnis
754 1072 793 1102 ad
809 1072 974 1109 (lcitatem,

201 1127 359 1158 mediante
383 1126 498 1167 spiritu
514 1126 680 1164 rationali,
702 1135 759 1166 per
781 1134 894 1166 quem,
909 1127 978 1156 tan-

199 1190 296 1222 quam
311 1189 368 1221 per
389 1179 531 1211 modium
552 1179 793 1219 congruentiae,
816 1189 889 1211 caro
910 1181 978 1211 erat

200 1234 311 1266 idonea
326 1233 364 1265 ad
379 1233 544 1265 unionem.
558 1232 639 1271 Quia
651 1242 729 1264 vero
737 1233 908 1273 completio
923 1233 976 1264 dc-

200 1288 265 1319 hita
281 1287 389 1319 debuit
403 1296 471 1319 csse
488 1287 520 1318 in
542 1289 697 1327 conceptu
716 1297 722 1318 :
740 1296 814 1318 cum
841 1296 882 1318 ex
896 1296 975 1327 qua-

200 1343 274 1372 tuor
289 1341 408 1380 modis,
424 1342 490 1371 tres
501 1340 588 1371 modi
599 1340 795 1381 producendi
812 1340 976 1371 bominem

201 1395 434 1435 praecessissent
455 1405 461 1426 :
480 1395 604 1435 primus
626 1403 683 1425 nec
704 1393 742 1425 de
759 1395 848 1431 viro,
866 1403 924 1424 nec
939 1394 977 1425 de

200 1449 354 1487 muliere,
375 1449 455 1479 sicut
476 1448 508 1479 in
526 1448 628 1479 Adam
640 1456 649 1487 3
674 1448 833 1479 secundus
854 1448 892 1478 de
909 1449 978 1479 viro

200 1503 268 1534 sine
279 1502 425 1541 muliere,
437 1502 519 1533 sicut
532 1502 563 1532 in
577 1501 657 1539 Eva;
668 1502 780 1533 tertius
790 1502 827 1533 dc
843 1502 978 1533 muliere

1077 464 1118 491 De
1134 464 1326 492 lucar-natione
1351 465 1486 499 quantum
1510 463 1549 491 ad
1570 463 1770 499 plenitudinem

1342 511 1499 544 temporum.

1072 587 1117 619 De
1130 589 1275 629 tempore
1288 589 1365 620 vero
1382 587 1611 620 incarnationis
1624 587 1686 620 hoc
1699 590 1809 620 tenen-

1033 641 1112 672 dum
1125 642 1189 672 est:
1205 641 1375 682 quodlicet
1387 640 1517 672 Deusin
1530 641 1686 682 principio
1697 644 1809 683 potue-

1032 694 1074 725 rit
1087 693 1263 733 incarnari,
1280 693 1500 726 noluittamen
1512 695 1574 726 nisi
1585 695 1620 726 in
1633 695 1697 727 fine
1713 704 1810 728 saecu-

1030 748 1148 787 lornm,
1160 748 1356 789 praecedente
1370 748 1442 789 lege
1455 751 1590 789 naturae,
1600 752 1631 782 et
1641 750 1714 791 lege
1729 751 1812 791 tigu-

1032 812 1093 842 rae,
1110 805 1180 844 post
1190 802 1389 843 patriarchas
1404 804 1435 834 et
1446 803 1629 844 prophetas,
1648 804 1765 844 quibus
1780 807 1811 836 et

1032 865 1088 897 per
1115 865 1196 897 quos
1218 856 1279 887 fuit
1302 857 1476 888 incarnatio
1498 857 1704 898 repromissa.
1737 857 1812 890 Post

1032 919 1113 951 quos
1127 910 1286 942 incarnari
1300 910 1454 950 dignatus
1464 912 1522 950 est,
1531 913 1686 952 tanquam
1701 911 1736 943 in
1747 912 1813 944 fine

1033 967 1215 1004 temporum
1232 965 1263 994 ct
1278 963 1494 1003 plenitudine,
1513 965 1609 1005 juxta
1632 965 1715 1005 quod
1737 965 1814 998 dicit

1033 1017 1206 1058 Apostolus
1223 1020 1231 1036 ¹
1252 1029 1258 1048 :
1282 1018 1324 1050 At
1339 1017 1396 1050 ubi
1408 1019 1497 1051 venit
1511 1018 1680 1059 plenitudo
1695 1022 1812 1060 tempo-

1033 1071 1080 1103 rz's
1091 1095 1100 1110 ,
1118 1072 1211 1104 misit
1227 1071 1310 1103 Deus
1325 1071 1430 1111 filium
1444 1080 1538 1103 suum
1552 1072 1674 1111 factum
1689 1081 1732 1105 exc
1746 1082 1812 1105 mu-

1032 1124 1109 1156 liere
1120 1149 1129 1163 ‚
1147 1125 1266 1164 {neuun
1280 1125 1338 1157 sub
1354 1125 1440 1166 leffe,
1456 1129 1492 1158 ut
1507 1133 1558 1158 eos
1569 1150 1577 1165 ,
1595 1127 1653 1166 qui
1666 1126 1724 1159 sub
1746 1126 1812 1168 leae

1033 1182 1125 1211 erant
1136 1203 1144 1216 ,
1161 1177 1340 1211 redimeret.

1075 1231 1164 1263 Ratio
1179 1233 1288 1262 autem
1301 1232 1338 1262 ad
1352 1231 1597 1272 intelligentiam
1609 1232 1727 1265 horum
1742 1233 1812 1266 haec

1033 1288 1080 1317 cst
1098 1297 1105 1317 z
1123 1286 1199 1326 quia
1215 1286 1393 1317 incarnatio
1415 1289 1463 1317 est
1477 1295 1558 1327 opus
1579 1287 1676 1328 primi
1692 1288 1810 1328 princi-

1034 1340 1076 1380 pii
1095 1340 1290 1380 reparantis,
1307 1340 1399 1380 juxta
1414 1339 1500 1380 quod
1514 1340 1602 1372 decet
1617 1343 1648 1372 et
1662 1341 1813 1373 convenit

1035 1394 1210 1425 secundum
1229 1393 1406 1425 libertatem
1422 1393 1556 1432 arbitrii,
1573 1395 1749 1426 secundum
1762 1404 1813 1426 su·

1035 1448 1222 1478 bliinitatcm
1237 1447 1387 1485 remedii,
1403 1450 1434 1478 ct
1449 1448 1625 1478 secundum
1643 1448 1811 1489 integrita-

1034 1504 1097 1532 tem
1114 1501 1254 1532 universi
1269 1511 1277 1532 2
1290 1510 1364 1531 nam
1380 1501 1634 1541 sapientissimus
1649 1502 1762 1533 artifex
1778 1503 1811 1533 iu

1999 566 2003 577 -
1997 489 2003 531 --.
1996 436 2003 479 π..-
1997 377 2003 427 ῤ-
1995 294 2003 359 ΛΑ-.-

201 1559 231 1587 et
245 1557 336 1595 viro,
358 1557 440 1587 sieut
462 1556 494 1586 in
519 1555 669 1587 omnibus
692 1555 979 1596 concupiscibiliter

201 1611 284 1641 natis
302 1621 309 1641 z
331 1609 435 1641 decuit
457 1609 496 1640 ad
513 1608 784 1649 complementum
811 1609 972 1647 universi,

201 1665 352 1704 quartum
367 1663 498 1694 modum
512 1663 682 1701 introduci,
697 1662 752 1703 qni
768 1662 885 1694 scilicet
897 1665 979 1694 essct

200 1717 239 1749 de
254 1717 388 1749 muliere
403 1717 471 1748 sine
485 1717 606 1748 semine
623 1717 707 1747 virili
720 1741 728 1755 ,
753 1726 809 1756 per
825 1717 976 1748 virtutem

1034 1555 1158 1594 agendo
1174 1555 1283 1586 omnia
1303 1555 1373 1586 haec
1394 1554 1537 1586 attendit.
1554 1554 1710 1592 Quoniam
1731 1564 1811 1595 ergo
1827 1569 1887 1591 nano
1895 1570 1940 1597 pri-

1035 1610 1162 1640 iibffi-tas
1175 1609 1297 1640 arbitrii
1314 1609 1373 1640 hoc
1387 1609 1534 1650 requirit,
1551 1612 1585 1640 nt
1599 1609 1639 1640 ad
1652 1610 1731 1641 nihii
1747 1612 1811 1642 tra·
1826 1601 1922 1660 ,ε’,ῗρξζ

1035 1663 1131 1694 hatur
1146 1663 1262 1700 invita,
1279 1663 1323 1693 sie
1342 1663 1451 1694 debuit
1473 1663 1555 1694 Deus
1570 1672 1675 1704 genus
1692 1664 1812 1696 huma·
1836 1669 1928 1716 ¹¹:32¹?

1035 1726 1114 1748 num
1129 1726 1292 1758 reparare,
1306 1719 1341 1748 ut
1356 1717 1491 1748 salutem
1503 1717 1672 1757 inveniret,
1685 1718 1742 1759 qui
1751 1718 1814 1750 vel·
1829 1725 1922 1748 nomini.

201 1771 318 1802 summi
334 1771 518 1811 operatoris.
537 1770 618 1808 Quia
642 1779 718 1801 vero
741 1770 908 1810 completio
924 1771 979 1801 de-

201 1827 267 1858 bita
279 1827 389 1858 debuit
400 1835 469 1857 esse
488 1826 521 1857 in
537 1826 670 1864 virtute;
688 1826 763 1856 hinc
777 1829 823 1856 cst
839 1826 925 1866 quod
946 1826 979 1857 in

201 1881 406 1921 conceptione
421 1880 489 1911 Filii
506 1880 571 1919 Dei,
589 1880 685 1911 simul
702 1880 979 1912 concurritvirtus

202 1935 327 1973 inuata,
354 1935 456 1966 virtus
482 1935 585 1965 infusa
599 1959 606 1972 ‚
635 1938 665 1965 et
691 1935 795 1966 virtus
825 1935 977 1966 increata.

202 1986 308 2017 Virtus
327 1986 434 2017 innata
456 1987 621 2017 materiam
643 1987 833 2026 lumparavit
849 1998 856 2024 ;
875 1987 978 2017 virtus

202 2038 305 2069 infusa
334 2038 530 2078 purificando
554 2038 758 2077 scgregavst:
793 2039 896 2068 virtus
927 2038 980 2068 in-

204 2097 307 2125 creata
327 2094 431 2124 subito
455 2093 596 2134 perfecit,
627 2093 710 2133 quod
732 2102 795 2123 non
819 2095 940 2133 poterat
962 2103 981 2124 a

205 2148 323 2179 virtute
333 2150 437 2179 creata
448 2147 509 2178 nisi
520 2146 694 2178 successive
704 2147 783 2177 fieri.
799 2146 835 2177 Et
850 2147 893 2177 sic
906 2147 979 2178 bea-

204 2202 325 2232 tissima
339 2201 441 2241 Virgo
457 2201 554 2233 Maria
579 2203 680 2232 mater
698 2202 757 2232 fuit
774 2202 981 2242 completissi-

205 2265 258 2286 mn
270 2256 375 2294 modo,
387 2256 490 2295 ipsum
508 2255 560 2286 Dei
573 2254 689 2285 Filium
701 2255 904 2295 concipiendo
915 2256 983 2286 abs-

206 2318 269 2349 que
281 2310 350 2340 viro
362 2334 372 2347 ,
385 2309 575 2340 secundante
586 2309 706 2349 Spiritu
722 2311 842 2340 sancto.
858 2309 893 2340 Et
905 2310 981 2350 qnia

206 2363 238 2393 in
254 2365 360 2394 niente
374 2363 517 2403 Virginis
531 2372 622 2393 amor
638 2362 776 2403 Spiritus
791 2363 893 2393 sancti
914 2363 979 2393 sin-

208 2416 365 2456 gulariter
381 2417 524 2454 ardebat3
547 2417 617 2447 idco
634 2417 665 2446 in
685 2426 779 2447 carne
794 2418 864 2456 ejus
879 2417 981 2447 virtus

207 2470 344 2510 Spiritus
357 2471 454 2501 sancti
469 2471 626 2502 miracula
640 2471 789 2508 faciebat,
808 2471 913 2510 gratia
925 2471 981 2501 svi-

206 2525 279 2556 licet
293 2524 408 2565 partim
425 2525 600 2563 excitante,
617 2526 647 2555 et
661 2524 777 2564 partim
795 2525 979 2563 adjuvante,

206 2581 237 2609 et
251 2578 366 2618 partim
378 2578 521 2609 elevante
534 2581 695 2616 naturam,
707 2579 803 2617 juxta
815 2578 899 2618 quod
911 2587 981 2609 con-

206 2635 316 2672 ceptus
329 2632 382 2663 ille
397 2632 553 2663 mirabilis
568 2631 728 2671 exigebat.

239 2749 247 2765 ¹
259 2748 328 2779 Gal„
344 2754 379 2779 iv,
394 2749 416 2772 11.

1035 1771 1078 1802 let
1103 1780 1248 1811 quaerere
1278 1770 1500 1809 Salvatorem;
1526 1772 1581 1812 qui
1610 1780 1688 1802 vero
1716 1771 1813 1804 nollet

1036 1834 1182 1865 quaererc
1197 1824 1396 1856 Salvatorem
1408 1849 1416 1863 ,
1440 1834 1497 1856 nec
1513 1825 1648 1856 salutem
1665 1834 1720 1866 per
1734 1834 1813 1857 con-

1037 1887 1174 1919 sequens
1189 1879 1358 1910 inveniret.
1375 1879 1487 1910 Nullus
1501 1882 1608 1910 autem
1622 1879 1738 1920 quaerit
1751 1888 1813 1911 me-

1037 1935 1159 1972 dicum,
1186 1935 1247 1965 nisi
1279 1937 1486 1974 recognoscat
1511 1935 1674 1970 morbum:
1703 1934 1812 1966 nullus

1037 1988 1153 2027 qua-rit
1169 1989 1347 2026 doctorem,
1366 1989 1423 2018 uisi
1441 1990 1649 2026 recognoscat
1672 1997 1705 2018 se
1720 1988 1814 2026 igno-

1038 2046 1180 2080 rantcnr,
1198 2042 1308 2073 nullus,
1324 2042 1441 2082 qnwrit
1461 2043 1639 2081 adjutorem
1652 2066 1660 2080 ,
1678 2042 1737 2072 nisi
1761 2051 1813 2073 re-

1037 2099 1209 2135 cognoscat
1221 2105 1253 2126 se
1262 2096 1481 2136 impotentem.
1497 2094 1577 2133 Quia
1588 2095 1690 2135 igilur
1701 2095 1810 2132 homo,

1038 2150 1070 2180 in
1089 2149 1242 2189 principio
1265 2149 1313 2180 sui
1336 2149 1460 2189 lapsus,
1485 2149 1589 2180 adhuc
1611 2149 1816 2190 superbiebat

1038 2203 1076 2233 dc
1095 2203 1224 2234 scientia
1250 2205 1280 2233 et
1303 2204 1434 2241 virtute·‚
1460 2203 1529 2234 idco
1553 2203 1708 2244 praemisit
1732 2203 1815 2234 Deus

1038 2259 1165 2297 tempus
1179 2257 1259 2295 legis
1277 2258 1416 2295 naturai,
1441 2257 1552 2297 inquo
1571 2256 1814 2287 convinceretur

1039 2310 1076 2341 dc
1091 2310 1281 2349 ignorantia.
1301 2310 1337 2340 ut
1360 2313 1429 2350 post
1442 2334 1449 2347 ,
1468 2310 1597 2350 cognita
1613 2309 1811 2349 ignorantia,

1039 2364 1091 2394 scil
1110 2366 1314 2403 permanente
1331 2364 1480 2403 superbia
1496 2364 1533 2394 de
1546 2363 1676 2400 virtute,
1692 2371 1755 2402 qua
1769 2362 1814 2392 di-

1039 2417 1168 2448 cebant:
1192 2429 1206 2445 «
1220 2416 1288 2448 Non
1304 2416 1389 2447 deest
1405 2417 1459 2456 qui
1473 2416 1576 2454 saciat,
1591 2416 1644 2447 scd
1657 2415 1742 2446 deest
1756 2415 1813 2455 qui

1035 2471 1165 2509 jubeat;
1183 2482 1196 2499 »
1221 2470 1340 2501 addidit
1361 2469 1468 2509 legem
1492 2469 1658 2509 praeeeptis
1680 2469 1813 2499 morali-

1038 2524 1098 2555 bus
1113 2524 1311 2555 ‹=1·udientcm
1324 2548 1332 2561 ,
1350 2526 1379 2554 et
1399 2522 1673 2554 cceremoniatibns
1689 2532 1813 2563 aggra-

1041 2582 1165 2610 vantem
1185 2589 1192 2610 :
1210 2582 1244 2610 ut
1268 2579 1375 2609 habita
1394 2578 1537 2615 scientia,
1561 2580 1591 2608 et
1607 2578 1736 2617 cognita
1751 2578 1811 2609 im-

1039 2633 1177 2672 potentia
1191 2657 1200 2671 ,
1218 2633 1403 2671 confugeret
1417 2632 1514 2662 homo
1536 2631 1575 2662 ad
1595 2631 1736 2662 divinam
1752 2632 1811 2662 mi-

1038 2687 1242 2718 scricordiam
1267 2689 1297 2717 et
1316 2685 1454 2725 gratiam
1472 2685 1695 2726 postulandam
1708 2709 1717 2724 ,
1739 2694 1812 2725 quae

1038 2740 1111 2771 data
1125 2743 1172 2772 est
1187 2740 1277 2771 nobis
1290 2740 1323 2770 in
1338 2739 1477 2771 adventu
1492 2739 1605 2771 Christi
1624 2751 1630 2770 ε
1647 2739 1718 2770 ideo
1740 2739 1811 2779 post
