2003 3037
122 1417 196 1438 Tertia

90 1449 178 1470 divisio.

117 2120 199 2145 Quarta

93 2151 180 2172 divisio.

211 204 270 236 332

209 323 270 354 ista
286 324 430 361 accusat,
452 322 535 355 sicut
554 321 594 354 dc
610 328 733 362 magno
747 320 781 350 et
794 317 921 350 mortali
933 317 989 349 de-

209 377 295 415 licto,
311 377 471 418 praelatos‚
492 376 635 408 maxime
653 374 818 416 episcopos
827 374 860 403 et
872 373 991 403 metro-

209 430 378 471 politanos,
389 431 447 473 qui
457 432 606 463 tenentur
619 430 658 462 dc
671 429 734 460 fide
747 429 779 459 et
791 435 846 468 spe
860 425 992 458 reddere

209 485 378 517 rationem.
404 485 542 517 Accusat
564 486 672 516 autem
698 483 781 514 sicut
808 481 846 512 de
873 479 990 512 veniali

210 539 342 570 clericos
356 538 515 579 simplices
528 540 560 570 et
573 538 757 575 illiteratos,
772 535 826 576 qui
843 543 917 565 cum
933 542 989 574 po-

209 593 345 625 tuissent
367 593 506 632 discere,
529 591 703 624 noluerint.
727 589 838 622 Laicos
858 596 936 619 vero
957 586 990 618 in

209 646 299 678 nullo
320 648 467 685 accusat,
483 646 559 688 quia
579 645 619 677 ad
640 645 725 686 ipsos
744 652 809 674 non
832 641 989 683 pertinet,

210 700 286 732 dum
292 701 386 732 modo
402 709 468 732 non
479 700 694 732 contemnant.
708 698 742 729 Si
755 696 896 736 estjin·is
908 695 991 736 posi-

208 753 288 793 tivi,
303 756 339 786 ut
353 754 464 795 legum
479 756 511 786 et
531 753 733 786 decretorum
743 775 754 790 ‚
771 750 855 782 solos
866 749 992 790 judices

210 810 348 840 accusat.
371 807 405 840 Si
427 810 474 840 est
496 806 682 848 ignorantia
693 805 778 846 juris
801 803 992 835 continentis

209 862 347 894 morales
371 861 613 893 constitutiones
633 858 857 891 ecclesiasticas
870 857 909 888 ad
925 856 990 888 dis-

207 916 366 948 cernenda
380 917 520 956 peccata,
536 915 664 947 accusat
677 911 855 944 sacerdotes
874 912 904 942 et
918 919 991 942 con-

208 970 351 1002 sessores.
374 969 406 1002 Si
427 979 506 1001 vero
528 971 576 1000 est
597 967 783 1009 ignorantia
804 966 877 997 facti
903 976 910 997 :
936 966 992 996 aut

208 1024 436 1063 indifferentis,
462 1023 506 1055 sic
537 1023 732 1054 sufficienter
755 1021 908 1058 excusat3
936 1021 991 1050 aut

209 1079 377 1110 necessarii
396 1078 436 1110 ad
457 1077 607 1116 salutem,
629 1079 659 1108 et
681 1077 725 1107 sic
741 1079 797 1107 aut
810 1083 874 1105 non
891 1076 993 1115 potest

208 1134 302 1165 vitari
315 1158 325 1172 ,
352 1133 434 1164 sicut
465 1132 497 1163 in
524 1132 651 1163 amente
665 1154 674 1169 ,
701 1129 756 1170 qui
783 1138 803 1159 a
825 1127 992 1158 nativitate

209 1187 313 1218 caruit
331 1187 453 1227 Judicio
473 1185 620 1224 rationis,
638 1187 669 1216 et
683 1184 754 1215 haec
768 1183 918 1219 excusat3
936 1182 992 1212 aut

210 1240 428 1281 potcstvitari,
444 1240 525 1271 sicut
541 1239 572 1270 iu
587 1238 601 1270 J
608 1238 706 1270 udaeis
721 1239 751 1268 et
765 1235 916 1275 Paganis‚
934 1234 992 1275 qui

209 1297 382 1335 potuerunt
403 1295 483 1325 scire
499 1293 661 1325 Christum
678 1299 807 1332 passum
822 1289 918 1320 fnisse
935 1296 993 1328 pro

210 1349 312 1381 salute
328 1348 508 1387 hominum,
526 1349 555 1378 et
570 1346 639 1378 haec
654 1354 717 1376 non
735 1345 876 1376 excusat.

250 1402 357 1435 Tertia
369 1402 483 1434 divisio
497 1400 688 1442 ignorantia·
704 1401 762 1437 est,
780 1398 855 1439 quia
870 1397 931 1428 alia
947 1398 994 1427 est

212 1457 360 1497 simplex,
376 1458 412 1487 ut
426 1455 556 1496 quando
572 1454 686 1495 aliquis
702 1453 802 1484 nescit
816 1461 889 1492 quae
906 1453 993 1481 tene-

212 1514 264 1543 tur
277 1511 370 1549 scire,
387 1510 460 1541 sacIt
475 1512 583 1541 tamen
595 1508 727 1549 aliquid,
743 1507 797 1538 sed
811 1515 876 1537 non
889 1505 991 1546 pleno,

211 1567 246 1597 ut
260 1565 313 1596 illa
328 1565 405 1596 sciat
419 1575 426 1595 z
446 1564 515 1595 haec
529 1564 662 1594 excusat
676 1571 694 1592 a
712 1563 810 1599 tanto,
827 1559 882 1591 sed
897 1568 960 1590 non
976 1568 995 1589 a

211 1620 296 1657 toto;
313 1618 375 1649 alia
395 1620 443 1649 cst
458 1626 563 1648 crassa
580 1617 647 1647 sive
664 1615 789 1656 supina,
809 1616 845 1645 ut
866 1613 995 1654 quando

213 1672 286 1713 quis
308 1671 445 1711 negligit
468 1671 546 1702 scire
562 1680 634 1711 quae
660 1671 806 1707 tenetur,
835 1670 867 1698 et
888 1670 995 1698 tamen

213 1735 276 1757 non
294 1727 341 1756 est
355 1725 604 1756 determinatum
619 1724 647 1754 ei
659 1722 743 1763 quod
756 1725 903 1753 tencatur
915 1721 995 1751 scire

213 1779 284 1811 illa:
299 1779 367 1810 liaec
378 1779 484 1810 minus
499 1780 641 1814 excusat,
659 1785 723 1807 non
738 1778 870 1807 excusat
884 1784 902 1806 a
918 1777 993 1813 toto,

214 1834 269 1865 sed
299 1843 318 1865 a
346 1836 451 1872 tanto;
481 1833 543 1864 alia
566 1834 613 1862 est
637 1831 782 1861 affectata
803 1830 870 1860 sive
898 1829 993 1860 affee-

213 1888 300 1926 tiva,
322 1890 358 1919 ut
381 1887 510 1927 quando
525 1885 642 1926 aliquis
663 1885 801 1924 negligit
824 1884 903 1914 scire
922 1892 995 1923 quaz

214 1944 340 1973 tenetur
369 1942 463 1980 scire,
495 1951 569 1971 cuin
599 1940 627 1970 ei
655 1939 694 1970 sit
726 1938 972 1969 determinatum
986 1962 994 1975 ,

215 1996 298 2035 quod
315 1997 440 2026 tenetur
455 1994 534 2025 scire
551 1994 603 2025 illa
621 2004 628 2024 ·.
650 1993 718 2024 haze
735 1994 857 2023 accusat
877 1992 993 2031 potius,

214 2057 312 2088 quam
330 2050 470 2078 excusat.

256 2101 375 2139 Quarta
390 2101 502 2132 divisio
518 2102 564 2131 est
581 2111 588 2131 :
611 2099 795 2139 Ignorantia
815 2099 875 2129 alia
891 2098 995 2129 vinci-

214 2155 297 2194 bilis,
314 2155 377 2186 alia
389 2154 595 2187 invincibilis.
614 2153 780 2185 vincibilis
794 2162 802 2184 :
818 2152 879 2183 alia
894 2154 997 2192 potest

214 2210 374 2241 removeri
402 2218 475 2240 cum
510 2218 630 2248 inagna
661 2207 845 2239 difficultate
858 2231 866 2246 ,
896 2208 933 2237 ut
964 2206 996 2237 in

216 2264 307 2296 valde
326 2263 515 2301 hebetibus;
538 2263 609 2293 haec
630 2264 761 2293 excusat
775 2271 794 2292 a
809 2263 914 2299 tanto,
933 2269 997 2291 non

216 2327 234 2348 a
251 2320 330 2356 toto,
346 2318 372 2348 si
389 2319 435 2348 cst
451 2317 489 2348 (le
505 2316 690 2347 necessariis
706 2316 745 2346 nd
761 2315 908 2345 salutem.
925 2313 997 2345 Alia

217 2373 317 2412 potest
338 2371 495 2402 removeri
518 2379 592 2401 cum
613 2369 778 2407 facilitate,
795 2371 831 2399 ut
854 2369 887 2398 in
902 2368 996 2407 inge-

217 2426 315 2457 niosis
333 2437 340 2456 :
358 2426 427 2456 ha²c
449 2434 512 2456 non
537 2426 676 2456 excusat.
696 2423 910 2455 invincibilis:
936 2422 998 2453 alia

220 2482 267 2511 est
281 2479 474 2511 invincibilis
488 2488 544 2519 per
556 2480 716 2514 naturam,
727 2479 763 2508 ut
778 2477 810 2507 in
825 2485 925 2516 puero
941 2475 997 2516 qni

218 2543 283 2566 non
299 2534 401 2564 utitur
415 2533 558 2571 ratione,
580 2534 611 2563 et
636 2532 668 2562 in
690 2531 846 2571 decrepito
862 2530 998 2570 quinon

218 2587 384 2626 discernit,
400 2588 431 2617 et
445 2586 478 2616 in
493 2596 530 2617 eo
546 2586 602 2626 qui
618 2585 760 2616 nascitur
778 2593 889 2616 amens
904 2595 910 2614 :
928 2584 998 2614 haec

219 2643 351 2674 excusat
369 2650 388 2672 a
405 2641 482 2672 toto.
499 2639 570 2671 Alia
585 2641 632 2671 cst
651 2638 843 2669 invincibilis
859 2647 916 2679 per
930 2637 997 2669 cul-

253 2705 283 2736 (ιι)
297 2704 358 2729 cat.
371 2702 432 2727 edit.
445 2703 503 2727 add.
519 2701 559 2726 vel
574 2702 693 2733 proprian,
708 2709 837 2733 assensus,
849 2702 903 2726 sine
914 2709 997 2725 sensu.

866 195 1172 234 GENTILOQUIUM.

211 271 329 309 tarum,
345 269 524 310 Evangelii,
540 270 572 301 et
586 266 738 300 doctrinae
752 264 946 306 apostolicae,
959 265 992 296 et

1049 273 1136 305 pam,
1149 267 1187 296 ut
1201 264 1234 297 in
1248 274 1287 298 eo
1299 266 1356 308 qui
1369 275 1426 307 per
1436 265 1564 307 culpam
1576 266 1714 300 efficitur
1724 268 1825 301 furio-

1047 327 1118 349 sus:
1139 320 1171 350 et
1193 319 1372 352 secundum
1397 320 1554 361 quosdam
1575 329 1642 353 non
1664 324 1795 355 excusat
1806 331 1827 355 a

1046 373 1125 404 toto.

1302 438 1455 473 SECTIO
1480 439 1570 474 VIII.

1218 517 1257 545 De
1274 519 1418 546 entissione
1435 520 1461 546 et
1480 518 1655 554 neyliqenti'a.

1086 589 1161 622 Viso
1182 590 1221 622 de
1236 584 1430 632 ignorantia,
1455 601 1528 633 quae
1550 594 1597 624 est
1619 591 1755 624 desertio
1769 591 1828 624 de·
1841 598 1949 658 020⁰ss

1047 644 1121 676 bitae
1143 644 1300 684 scientiae,
1321 646 1466 687 sequitur
1479 646 1588 679 videre
1603 646 1642 678 de
1657 645 1830 678 omissione

1047 700 1080 730 et
1095 698 1315 740 negligentia,
1331 709 1406 740 quae
1425 700 1535 732 dicunt
1557 700 1769 733 desertionem
1783 700 1830 732 rei

1047 753 1162 785 debitae
1178 753 1342 785 faciendae.
1367 753 1502 786 Omissio
1523 756 1571 786 est
1585 754 1726 787 ‘desertio
1741 757 1830 787 actus

1047 806 1142 838 debiti
1168 807 1200 838 in
1225 808 1370 848 tempore
1397 807 1630 848 determinato;
1659 810 1691 840 et
1713 808 1830 841 dicitur

1047 863 1139 892 actus
1153 860 1297 900 debitus,
1315 870 1413 902 quem
1436 863 1585 894 tenemur
1605 861 1718 894 facere.
1742 861 1829 894 circa

1048 915 1256 946 omissionem
1272 913 1379 947 antem
1395 914 1550 946 habemus
1567 914 1677 947 videre
1691 917 1830 956 quatuor

1048 971 1137 1000 actus
1152 968 1273 1000 debitos
1287 979 1294 1000 ε
1309 968 1496 1007 tentionem,
1510 968 1757 1006 distinctionem,
1771 968 1831 1001 de-

1047 1022 1267 1062 scriptionem,
1299 1022 1543 1053 absolutionem.
1572 1022 1694 1053 Dicitur
1721 1024 1829 1054 autem

1047 1076 1188 1115 omissio,
1201 1076 1362 1108 derelictio
1372 1078 1472 1115 actus,
1485 1085 1549 1107 non
1565 1076 1826 1115 circumstantiae;

1047 1131 1136 1162 actus
1153 1129 1348 1170 principalis⁷
1368 1139 1433 1161 non
1457 1129 1591 1168 annexi;
1614 1130 1764 1170 praecepti
1779 1129 1829 1161 af-

1047 1183 1217 1221 firmativi,
1240 1193 1306 1215 non
1326 1183 1484 1223 negativi.
1509 1182 1564 1215 Est
1585 1185 1694 1214 autem
1713 1182 1829 1224 triplex

1048 1237 1165 1276 tentio,
1184 1246 1281 1278 quain
1303 1237 1451 1268 omittere
1465 1245 1530 1268 non
1547 1236 1712 1268 debemus.
1734 1235 1828 1274 Quae-
1861 1248 1950 1276 obus·-

1049 1290 1121 1322 daenn
1137 1293 1182 1321 cst
1201 1291 1324 1321 ratione
1341 1290 1460 1321 (livinae
1480 1289 1701 1330 obligationis,
1715 1292 1746 1322 et
1761 1290 1831 1322 haec
1843 1279 1948 1338 ἓζῑξω

1049 1347 1096 1375 est
1115 1344 1233 1384 duplex
1257 1355 1263 1376 z
1285 1353 1349 1375 una
1371 1343 1410 1375 ad
1430 1343 1614 1383 agendum,
1631 1346 1668 1375 ut
1689 1344 1722 1375 in
1746 1352 1829 1384 prae-

1049 1398 1147 1438 ceptis
1156 1398 1367 1436 astirinativis,
1382 1399 1432 1428 ut:
1447 1397 1576 1430 Honora
1584 1400 1709 1438 patrem
1722 1400 1828 1436 tutum

1050 1451 1112 1482 alia
1127 1452 1166 1483 ad
1179 1461 1244 1482 non
1258 1451 1435 1491 agendum,
1451 1454 1487 1483 ut
1499 1452 1532 1482 in
1548 1452 1715 1492 praeceptis
1730 1460 1829 1491 nega-

1050 1505 1135 1544 tivis,
1152 1505 1220 1536 sive
1236 1505 1516 1545 prohibitionibus,
1534 1507 1569 1536 ut
1583 1517 1590 1537 :
1607 1506 1678 1538 Non
1694 1505 1827 1538 occides.

1051 1559 1160 1591 Prima
1176 1559 1299 1599 obligat
1313 1568 1439 1600 semper
1449 1584 1457 1599 ,
1474 1559 1529 1591 sed
1547 1568 1613 1591 non
1628 1559 1668 1591 ad
1683 1568 1808 1600 semper
1819 1583 1828 1598 ,

1050 1613 1111 1644 nisi
1135 1622 1192 1653 pro
1215 1613 1284 1644 loco
1308 1615 1340 1644 et
1362 1615 1516 1654 tempore.
1543 1613 1688 1645 Secunda
1709 1613 1831 1653 obligat

1051 1676 1177 1707 semper
1188 1691 1197 1705 ,
1218 1670 1247 1698 et
1264 1667 1302 1698 ad
1318 1676 1454 1708 semper.
1473 1667 1625 1704 Qnaedain
1641 1668 1687 1698 est
1708 1667 1832 1698 ratione

1051 1725 1234 1763 spontanea}
1249 1723 1465 1754 consensionis
1477 1747 1486 1761 ,
1500 1725 1535 1753 ut
1550 1723 1583 1753 in
1598 1722 1829 1761 contractibus,

1051 1777 1144 1815 votis⁷
1158 1777 1353 1817 juramentis
1365 1801 1373 1815 ‚
1390 1776 1574 1817 promissis,
1591 1778 1621 1807 et
1637 1776 1832 1816 obligatione

1052 1840 1150 1872 quam
1179 1831 1253 1862 facit
1277 1831 1468 1861 conscientia
1486 1841 1494 1869 ;
1525 1830 1674 1871 quaedam
1709 1830 1832 1861 ratione

1052 1885 1218 1925 culpabilis
1234 1885 1417 1915 offensionis
1436 1896 1442 1915 z
1467 1893 1542 1915 nain
1562 1886 1692 1925 propter
1705 1884 1831 1924 culpam

1053 1939 1219 1969 mortali-in
1243 1938 1409 1978 obligatur
1423 1938 1536 1975 hoino,
1554 1937 1623 1968 sive
1638 1939 1774 1974 tenetur,
1792 1937 1831 1969 ad

1053 2001 1181 2032 poenam
1197 1991 1380 2022 :etfflmlem
1395 2002 1402 2029 ;
1423 1993 1552 2031 propter
1567 1991 1726 2021 venialem
1742 1999 1830 2029 vero,

1053 2044 1092 2075 ad
1117 2053 1244 2083 poenain
1270 2042 1488 2083 temporali-in.
1513 2042 1704 2073 Describitur
1724 2044 1832 2073 autem

1053 2098 1151 2128 tentio
1174 2098 1241 2128 sic:
1266 2096 1377 2127 Tentio
1400 2099 1447 2127 est
1470 2095 1563 2127 alieni
1589 2095 1757 2136 praecepti,
1782 2094 1833 2126 vel

1053 2151 1277 2192 prohibitionis
1295 2151 1333 2191 (a)
1346 2175 1354 2189 ,
1372 2151 1422 2182 vel
1449 2150 1551 2191 cnlpae
1564 2174 1572 2188 ,
1590 2150 1628 2181 ad
1650 2149 1832 2189 agendum,

1054 2205 1106 2238 vel
1121 2214 1185 2236 non
1199 2205 1376 2244 agendum,
1392 2204 1440 2236 vel
1458 2204 1644 2244 patiendum
1661 2203 1831 2243 obligatio:

1054 2259 1093 2291 ad
1115 2259 1298 2299 agendum,
1324 2261 1482 2299 quantum
1505 2258 1544 2289 ad
1567 2260 1724 2298 praecepta
1746 2257 1834 2288 affir-

1054 2313 1190 2351 mativa;
1209 2313 1248 2344 ad
1261 2322 1325 2343 non
1341 2313 1516 2353 agendum,
1533 2314 1689 2352 quantum
1702 2311 1740 2342 ad
1756 2319 1835 2351 prae-

1055 2369 1144 2407 cepta
1173 2367 1326 2406 negativa
1359 2369 1387 2397 et
1421 2366 1670 2407 prohibitiones3
1704 2364 1743 2395 ad
1775 2373 1834 2404 pa-

1055 2420 1220 2459 tiendum,
1238 2422 1394 2460 qnantum
1410 2419 1449 2450 ad
1473 2418 1610 2459 culpam.
1638 2417 1764 2457 Triplex
1788 2419 1836 2448 est

1055 2476 1164 2506 autem
1187 2474 1345 2505 absolutio
1363 2473 1523 2514 praedictae
1540 2471 1673 2512 triplicis
1691 2471 1833 2509 rationis,

1056 2528 1173 2559 scilicet
1187 2527 1442 2568 impossibilitas,
1459 2525 1668 2567 dispensatio,
1686 2526 1716 2555 et
1733 2524 1833 2565 poeni-

1056 2582 1163 2613 tentia.

1098 2634 1124 2666 N
1128 2635 1306 2675 egligentia
1322 2635 1369 2665 est
1383 2633 1498 2664 debitae
1519 2632 1767 2664 circumstantiae
1782 2633 1835 2664 de-

1877 2639 1956 2666 Negli-

1059 2689 1181 2722 relictio
1199 2689 1231 2719 in
1248 2689 1330 2719 bono
1349 2696 1443 2727 opere
1463 2686 1615 2717 faciendo.
1635 2686 1722 2718 Circa
1736 2695 1836 2727 quam
1863 2673 1938 2729 {3²3⁰
